JournalCode|JournalLib|EcritureNum|EcritureDate|CompteNum|CompteLib|CompAuxNum|CompAuxLib|PieceRef|PieceDate|EcritureLib|Debit|Credit|EcritureLet|DateLet|ValidDate|Montantdevise|Idevise
AC|Achats|AC00001|20240517|611000|Sous-traitance generale|||AC058161|20240517|FACT 250101 ELECTRICITE DE FRANCE|647,32|0,00|||20240519||
AC|Achats|AC00001|20240517|447100|Autres impots, taxes et versements assimiles|||AC058161|20240517|FACT 250101 ELECTRICITE DE FRANCE|0,00|647,32|||20240519||
AC|Achats|AC00002|20240802|615500|Entretien et reparations sur biens mobiliers|||AC085417|20240802|FACT 250217 PAPETERIE EXPRESS|1667,10|0,00|||20240803||
AC|Achats|AC00002|20240802|500000|Valeurs mobilieres de placement|||AC085417|20240802|FACT 250217 PAPETERIE EXPRESS|0,00|1667,10|||20240803||
AC|Achats|AC00003|20241101|606400|Fournitures administratives|||AC116644|20241101|FACT 250208 FOURNITURES BUREAU|996,92|0,00|||20241108||
AC|Achats|AC00003|20241101|468600|Charges a payer|||AC116644|20241101|FACT 250208 FOURNITURES BUREAU|0,00|996,92|||20241108||
AC|Achats|AC00004|20241030|606100|Electricite, gaz, eau|||AC105778|20241030|FACT 250125 PAPETERIE EXPRESS|1772,51|0,00|||20241103||
AC|Achats|AC00004|20241030|427000|Personnel - Oppositions|||AC105778|20241030|FACT 250125 PAPETERIE EXPRESS|0,00|1772,51|||20241103||
AC|Achats|AC00005|20240605|601000|Achats de matieres premieres|||AC064983|20240605|FACT 250120 TELECOM SAS|650,27|0,00|||20240608||
AC|Achats|AC00005|20240605|418100|Clients - Factures a etablir|||AC064983|20240605|FACT 250120 TELECOM SAS|0,00|650,27|||20240608||
AC|Achats|AC00006|20241031|618100|Documentation generale|||AC102619|20241031|FACT 250208 DALKIA FRANCE|1601,14|0,00|||20241101||
AC|Achats|AC00006|20241031|408400|Fournisseurs d'immobilisations - Factures non parvenues|||AC102619|20241031|FACT 250208 DALKIA FRANCE|0,00|1601,14|||20241101||
AC|Achats|AC00007|20241031|606800|Autres matieres et fournitures|||AC102604|20241031|FACT 250106 FOURNITURES BUREAU|1658,88|0,00|||20241106||
AC|Achats|AC00007|20241031|445860|TVA sur factures non parvenues|||AC102604|20241031|FACT 250106 FOURNITURES BUREAU|0,00|1658,88|||20241106||
AC|Achats|AC00008|20240213|606100|Electricite, gaz, eau|||AC022375|20240213|FACT 250202 ELECTRICITE DE FRANCE|1943,67|0,00|||20240215||
AC|Achats|AC00008|20240213|437000|Autres organismes sociaux|||AC022375|20240213|FACT 250202 ELECTRICITE DE FRANCE|0,00|1943,67|||20240215||
AC|Achats|AC00009|20241024|616000|Primes d'assurance|||AC101088|20241024|FACT 250215 TELECOM SAS|1849,70|0,00|||20241028||
AC|Achats|AC00009|20241024|445510|TVA a decaisser|||AC101088|20241024|FACT 250215 TELECOM SAS|0,00|1849,70|||20241028||
AC|Achats|AC00010|20240805|627000|Services bancaires et assimiles|||AC086577|20240805|FACT 250211 PAPETERIE EXPRESS|1226,42|0,00|||20240812||
AC|Achats|AC00010|20240805|468600|Charges a payer|||AC086577|20240805|FACT 250211 PAPETERIE EXPRESS|0,00|1226,42|||20240812||
AC|Achats|AC00011|20241220|618100|Documentation generale|||AC129876|20241220|FACT 250211 PAPETERIE EXPRESS|726,12|0,00|||20241221||
AC|Achats|AC00011|20241220|445620|TVA deductible sur immobilisations|||AC129876|20241220|FACT 250211 PAPETERIE EXPRESS|0,00|726,12|||20241221||
AC|Achats|AC00012|20241210|621000|Personnel exterieur a l'entreprise|||AC123130|20241210|FACT 250120 DALKIA FRANCE|901,48|0,00|||20241212||
AC|Achats|AC00012|20241210|467000|Autres comptes debiteurs ou crediteurs|||AC123130|20241210|FACT 250120 DALKIA FRANCE|0,00|901,48|||20241212||
AC|Achats|AC00013|20240920|612000|Redevances de credit-bail|||AC097085|20240920|FACT 250223 DALKIA FRANCE|863,85|0,00|||20240924||
AC|Achats|AC00013|20240920|590000|Depreciation des valeurs mobilieres de placement|||AC097085|20240920|FACT 250223 DALKIA FRANCE|0,00|863,85|||20240924||
AC|Achats|AC00014|20240510|623100|Annonces et insertions|||AC055241|20240510|FACT 250203 PAPETERIE EXPRESS|543,65|0,00|||20240514||
AC|Achats|AC00014|20240510|508000|Interets courus sur VMP|||AC055241|20240510|FACT 250203 PAPETERIE EXPRESS|0,00|543,65|||20240514||
AC|Achats|AC00015|20241206|606400|Fournitures administratives|||AC121318|20241206|FACT 250217 PAPETERIE EXPRESS|447,44|0,00|||20241212||
AC|Achats|AC00015|20241206|431000|Securite sociale|||AC121318|20241206|FACT 250217 PAPETERIE EXPRESS|0,00|447,44|||20241212||
AC|Achats|AC00016|20240719|611000|Sous-traitance generale|||AC075663|20240719|FACT 250127 PAPETERIE EXPRESS|1844,26|0,00|||20240720||
AC|Achats|AC00016|20240719|471000|Compte d'attente|||AC075663|20240719|FACT 250127 PAPETERIE EXPRESS|0,00|1844,26|||20240720||
AC|Achats|AC00017|20240112|628100|Concours divers (cotisations...)|||AC018892|20240112|FACT 250205 DALKIA FRANCE|1595,47|0,00|||20240113||
AC|Achats|AC00017|20240112|445620|TVA deductible sur immobilisations|||AC018892|20240112|FACT 250205 DALKIA FRANCE|0,00|1595,47|||20240113||
AC|Achats|AC00018|20240316|622600|Honoraires|||AC039359|20240311|FACT 250203 DALKIA FRANCE|1047,84|0,00|||20240316||
AC|Achats|AC00018|20240311|445710|TVA collectee a payer|||AC039359|20240311|FACT 250203 DALKIA FRANCE|0,00|1047,84|||20240316||
AC|Achats|AC00019|20240126|628100|Concours divers (cotisations...)|||VE053028|20240126|FACT 250114 TELECOM SAS|917,79|0,00|||20240128||
AC|Achats|AC00019|20240126|500000|Valeurs mobilieres de placement|||AC019728|20240126|FACT 250114 TELECOM SAS|0,00|917,79|||20240128||
AC|Achats|AC00020|20240524|623100|Annonces et insertions|||AC057241|20240524|FACT 250104 ELECTRICITE DE FRANCE|1662,99|0,00|||20240528||
AC|Achats|AC00020|20240524|403000|Fournisseurs - Effets a payer|||AC057241|20240524|FACT 250104 ELECTRICITE DE FRANCE|0,00|1662,99|||20240528||
AC|Achats|AC00021|20240719|626000|Frais postaux et de telecommunications|||AC073560|20240719|FACT 250130 FOURNITURES BUREAU|598,08|0,00|||20240723||
AC|Achats|AC00021|20240719|517000|Autres organismes financiers|||AC073560|20240719|FACT 250130 FOURNITURES BUREAU|0,00|598,08|||20240723||
AC|Achats|AC00022|20240731|623000|Publicite, publications, relations publiques|||AC079828|20240731|FACT 250208 ELECTRICITE DE FRANCE|1844,58|0,00|||20240803||
AC|Achats|AC00022|20240731|468600|Charges a payer|||AC079828|20240731|FACT 250208 ELECTRICITE DE FRANCE|0,00|1844,58|||20240803||
AC|Achats|AC00023|20240531|613500|Locations mobilieres|||AC051940|20240531|FACT 250208 DALKIA FRANCE|946,34|0,00|||20240607||
AC|Achats|AC00023|20240531|419100|Clients - Avances et acomptes recus|||AC051940|20240531|FACT 250208 DALKIA FRANCE|0,00|946,34|||20240607||
AC|Achats|AC00024|20240101|601000|Achats de matieres premieres|||AC016525|20240101|FACT 250213 TELECOM SAS|1209,55|0,00|||20240108||
AC|Achats|AC00024|20240101|530000|Caisse|||AC016525|20240101|FACT 250213 TELECOM SAS|0,00|1209,55|||20240108||
AC|Achats|AC00025|20240105|623100|Annonces et insertions|||AC017380|20240105|FACT 250130 DALKIA FRANCE|1148,86|0,00|||20240111||
AC|Achats|AC00025|20240105|408400|Fournisseurs d'immobilisations - Factures non parvenues|||AC017380|20240105|FACT 250130 DALKIA FRANCE|0,00|1148,86|||20240111||
AC|Achats|AC00026|20240130|611000|Sous-traitance generale|||AC016006|20240130|FACT 250110 FOURNITURES BUREAU|664,79|0,00|||20240130||
AC|Achats|AC00026|20240130|590000|Depreciation des valeurs mobilieres de placement|||AC016006|20240130|FACT 250110 FOURNITURES BUREAU|0,00|664,79|||20240130||
AC|Achats|AC00027|20240224|627000|Services bancaires et assimiles|||AC022046|20240223|FACT 250120 TELECOM SAS|1749,60|0,00|||20240224||
AC|Achats|AC00027|20240223|468600|Charges a payer|||AC022046|20240223|FACT 250120 TELECOM SAS|0,00|1749,60|||20240224||
AC|Achats|AC00028|20240123|606100|Electricite, gaz, eau|||AC015191|20240123|FACT 250212 ELECTRICITE DE FRANCE|1783,15|0,00|||20240127||
AC|Achats|AC00028|20240123|590000|Depreciation des valeurs mobilieres de placement|||AC015191|20240123|FACT 250212 ELECTRICITE DE FRANCE|0,00|1783,15|||20240127||
AC|Achats|AC00029|20241008|602200|Achats de fournitures consommables|||AC109840|20241008|FACT 250211 ELECTRICITE DE FRANCE|1220,54|0,00|||20241008||
AC|Achats|AC00029|20241008|530000|Caisse|||AC109840|20241008|FACT 250211 ELECTRICITE DE FRANCE|0,00|1220,54|||20241008||
AC|Achats|AC00030|20241120|602200|Achats de fournitures consommables|||AC117264|20241120|FACT 250209 DALKIA FRANCE|91,92|0,00|||20241125||
AC|Achats|AC00030|20241120|445510|TVA a decaisser|||AC117264|20241120|FACT 250209 DALKIA FRANCE|0,00|91,92|||20241125||
AC|Achats|AC00031|20241114|625700|Receptions|||AC113791|20241114|FACT 250204 TELECOM SAS|1305,26|0,00|||20241120||
AC|Achats|AC00031|20241114|451000|Groupe|||AC113791|20241114|FACT 250204 TELECOM SAS|0,00|1305,26|||20241120||
AC|Achats|AC00032|20240419|625100|Voyages et deplacements|||AC041857|20240419|FACT 250101 ELECTRICITE DE FRANCE|1725,87|0,00|||20240423||
AC|Achats|AC00032|20240419|413000|Clients - Effets a recevoir|||AC041857|20240419|FACT 250101 ELECTRICITE DE FRANCE|0,00|1725,87|||20240423||
AC|Achats|AC00033|20240314|613200|Locations immobilieres|||AC037569|20240314|FACT 250220 DALKIA FRANCE|841,39|0,00|||20240315||
AC|Achats|AC00033|20240314|467000|Autres comptes debiteurs ou crediteurs|||AC037569|20240314|FACT 250220 DALKIA FRANCE|0,00|841,39|||20240315||
AC|Achats|AC00034|20240614|623400|Cadeaux a la clientele|||AC066735|20240614|FACT 250129 TELECOM SAS|1116,12|0,00|||20240619||
AC|Achats|AC00034|20240614|421000|Personnel - Remunerations dues|||AC066735|20240614|FACT 250129 TELECOM SAS|0,00|1116,12|||20240619||
AC|Achats|AC00035|20240904|611000|Sous-traitance generale|||AC093909|20240904|FACT 250105 PAPETERIE EXPRESS|698,73|0,00|||20240905||
AC|Achats|AC00035|20240904|431000|Securite sociale|||AC093909|20240904|FACT 250105 PAPETERIE EXPRESS|0,00|698,73|||20240905||
AC|Achats|AC00036|20241203|613500|Locations mobilieres|||AC122491|20241203|FACT 250224 PAPETERIE EXPRESS|1125,54|0,00|||20241207||
AC|Achats|AC00036|20241203|447100|Autres impots, taxes et versements assimiles|||AC122491|20241203|FACT 250224 PAPETERIE EXPRESS|0,00|1125,54|||20241207||
AC|Achats|AC00037|20240301|616000|Primes d'assurance|||AC036897|20240301|FACT 250217 ELECTRICITE DE FRANCE|347,97|0,00|||20240306||
AC|Achats|AC00037|20240301|408400|Fournisseurs d'immobilisations - Factures non parvenues|||AC036897|20240301|FACT 250217 ELECTRICITE DE FRANCE|0,00|347,97|||20240306||
AC|Achats|AC00038|20241015|626000|Frais postaux et de telecommunications|||AC107825|20241015|FACT 250222 ELECTRICITE DE FRANCE|281,00|0,00|||20241017||
AC|Achats|AC00038|20241015|468600|Charges a payer|||AC107825|20241015|FACT 250222 ELECTRICITE DE FRANCE|0,00|281,00|||20241017||
AC|Achats|AC00039|20240801|615500|Entretien et reparations sur biens mobiliers|||AC082387|20240801|FACT 250202 PAPETERIE EXPRESS|787,14|0,00|||20240806||
AC|Achats|AC00039|20240801|471000|Compte d'attente|||AC082387|20240801|FACT 250202 PAPETERIE EXPRESS|0,00|787,14|||20240806||
AC|Achats|AC00040|20240103|623400|Cadeaux a la clientele|||AC015216|20240103|FACT 250203 ELECTRICITE DE FRANCE|1994,17|0,00|||20240105||
AC|Achats|AC00040|20240103|514000|Cheques postaux|||AC015216|20240103|FACT 250203 ELECTRICITE DE FRANCE|0,00|1994,17|||20240105||
AC|Achats|AC00041|20241106|608500|Frais accessoires d'achat|||AC119212|20241106|FACT 250219 DALKIA FRANCE|1263,81|0,00|||20241111||
AC|Achats|AC00041|20241106|404000|Fournisseurs d'immobilisations|||AC119212|20241106|FACT 250219 DALKIA FRANCE|0,00|1263,81|||20241111||
AC|Achats|AC00042|20241015|623100|Annonces et insertions|||AC109150|20241015|FACT 250215 TELECOM SAS|1580,46|0,00|||20241022||
AC|Achats|AC00042|20241015|518100|Interets courus a payer|||AC109150|20241015|FACT 250215 TELECOM SAS|0,00|1580,46|||20241022||
AC|Achats|AC00043|20240412|614000|Charges locatives|||AC049452|20240412|FACT 250131 ELECTRICITE DE FRANCE|534,33|0,00|||20240413||
AC|Achats|AC00043|20240412|411000|Clients|C00002|CLIENT BETA|AC049452|20240412|FACT 250131 ELECTRICITE DE FRANCE|0,00|534,33|Y6|20241228|20240413||
AC|Achats|AC00044|20240716|606100|Electricite, gaz, eau|||AC075401|20240716|FACT 250209 ELECTRICITE DE FRANCE|941,00|0,00|||20240716||
AC|Achats|AC00044|20240716|444000|Etat - Impots sur les benefices|||AC075401|20240716|FACT 250209 ELECTRICITE DE FRANCE|0,00|941,00|||20240716||
AC|Achats|AC00045|20240920|622600|Honoraires|||AC093910|20240920|FACT 250220 PAPETERIE EXPRESS|999,65|0,00|||20240925||
AC|Achats|AC00045|20240920|445660|TVA deductible sur ABS|||AC093910|20240920|FACT 250220 PAPETERIE EXPRESS|0,00|999,65|||20240925||
AC|Achats|AC00046|20240402|615200|Entretien et reparations sur biens immobiliers|||AC041550|20240402|FACT 250223 TELECOM SAS|1733,66|0,00|||20240403||
AC|Achats|AC00046|20240402|445510|TVA a decaisser|||AC041550|20240402|FACT 250223 TELECOM SAS|0,00|1733,66|||20240403||
AC|Achats|AC00047|20240322|606100|Electricite, gaz, eau|||AC036181|20240322|FACT 250111 DALKIA FRANCE|1977,23|0,00|||20240328||
AC|Achats|AC00047|20240322|445510|TVA a decaisser|||AC036181|20240322|FACT 250111 DALKIA FRANCE|0,00|1977,23|||20240328||
AC|Achats|AC00048|20240429|602200|Achats de fournitures consommables|||AC041882|20240429|FACT 250203 TELECOM SAS|1010,49|0,00|||20240505||
AC|Achats|AC00048|20240429|468600|Charges a payer|||AC041882|20240429|FACT 250203 TELECOM SAS|0,00|1010,49|||20240505||
AC|Achats|AC00049|20240419|602100|Achats de matieres consommables|||AC049916|20240419|FACT 250221 TELECOM SAS|1408,56|0,00|||20240419||
AC|Achats|AC00049|20240419|401000|Fournisseurs|F00005|BUREAU VERITAS|AC049916|20240419|FACT 250221 TELECOM SAS|0,00|1408,56|||20240419||
AC|Achats|AC00050|20240223|615200|Entretien et reparations sur biens immobiliers|||AC024125|20240223|FACT 250207 ELECTRICITE DE FRANCE|1978,64|0,00|||20240301||
AC|Achats|AC00050|20240223|408100|Fournisseurs - Factures non parvenues|||AC024125|20240223|FACT 250207 ELECTRICITE DE FRANCE|0,00|1978,64|||20240301||
AC|Achats|AC00051|20240209|616000|Primes d'assurance|||AC028458|20240209|FACT 250121 FOURNITURES BUREAU|432,79|0,00|||20240212||
AC|Achats|AC00051|20240209|445710|TVA collectee a payer|||AC028458|20240209|FACT 250121 FOURNITURES BUREAU|0,00|432,79|||20240212||
AC|Achats|AC00052|20240119|625100|Voyages et deplacements|||AC012473|20240119|FACT 250218 ELECTRICITE DE FRANCE|1305,40|0,00|||20240122||
AC|Achats|AC00052|20240119|447100|Autres impots, taxes et versements assimiles|||AC012473|20240119|FACT 250218 ELECTRICITE DE FRANCE|0,00|1305,40|||20240122||
AC|Achats|AC00053|20241213|401000|Fournisseurs|F00008|TRANSPORT EXPRESS|AC121737|20241213|FACT 250204 TELECOM SAS|3160,08|0,00|||20241214||
AC|Achats|AC00053|20241213|517000|Autres organismes financiers|||AC121737|20241213|FACT 250204 TELECOM SAS|0,00|3160,08|||20241214||
AC|Achats|AC00054|20240308|618100|Documentation generale|||AC037278|20240308|FACT 250101 ELECTRICITE DE FRANCE|1349,90|0,00|||20240310||
AC|Achats|AC00054|20240308|419100|Clients - Avances et acomptes recus|||AC037278|20240308|FACT 250101 ELECTRICITE DE FRANCE|0,00|1349,90|||20240310||
AC|Achats|AC00055|20240911|615500|Entretien et reparations sur biens mobiliers|||AC098925|20240911|FACT 250111 TELECOM SAS|1010,28|0,00|||20240913||
AC|Achats|AC00055|20240911|517000|Autres organismes financiers|||AC098925|20240911|FACT 250111 TELECOM SAS|0,00|1010,28|||20240913||
AC|Achats|AC00056|20241224|602260|Achats d'emballages|||AC128985|20241224|FACT 250205 DALKIA FRANCE|835,59|0,00|||20241225||
AC|Achats|AC00056|20241224|445620|TVA deductible sur immobilisations|||AC128985|20241224|FACT 250205 DALKIA FRANCE|0,00|835,59|||20241225||
AC|Achats|AC00057|20240329|627000|Services bancaires et assimiles|||AC031227|20240329|FACT 250120 PAPETERIE EXPRESS|22,14|0,00|||20240404||
AC|Achats|AC00057|20240329|486000|Charges constatees d'avance|||AC031227|20240329|FACT 250120 PAPETERIE EXPRESS|0,00|22,14|||20240404||
AC|Achats|AC00058|20241219|607000|Achats de marchandises|||AC128763|20241219|FACT 250108 PAPETERIE EXPRESS|15,96|0,00|||20241220||
AC|Achats|AC00058|20241219|409100|Fournisseurs - Avances et acomptes verses|||AC128763|20241219|FACT 250108 PAPETERIE EXPRESS|0,00|15,96|||20241220||
AC|Achats|AC00059|20240809|612000|Redevances de credit-bail|||AC081672|20240809|FACT 250222 ELECTRICITE DE FRANCE|1672,64|0,00|||20240815||
AC|Achats|AC00059|20240809|413000|Clients - Effets a recevoir|||AC081672|20240809|FACT 250222 ELECTRICITE DE FRANCE|0,00|1672,64|||20240815||
AC|Achats|AC00060|20240125|607000|Achats de marchandises|||AC012663|20240125|FACT 250102 DALKIA FRANCE|704,98|0,00|||20240127||
AC|Achats|AC00060|20240125|428200|Personnel - Conges payes|||AC012663|20240125|FACT 250102 DALKIA FRANCE|0,00|704,98|||20240127||
AC|Achats|AC00061|20240520|626000|Frais postaux et de telecommunications|||AC054740|20240520|FACT 250201 ELECTRICITE DE FRANCE|1403,13|0,00|||20240526||
AC|Achats|AC00061|20240520|500000|Valeurs mobilieres de placement|||AC054740|20240520|FACT 250201 ELECTRICITE DE FRANCE|0,00|1403,13|||20240526||
AC|Achats|AC00062|20240228|602200|Achats de fournitures consommables|||AC028864|20240228|FACT 250110 FOURNITURES BUREAU|1862,92|0,00|||20240305||
AC|Achats|AC00062|20240228|518700|Interets courus a recevoir|||AC028864|20240228|FACT 250110 FOURNITURES BUREAU|0,00|1862,92|||20240305||
AC|Achats|AC00063|20241227|607000|Achats de marchandises|||AC124511|20241227|FACT 250120 TELECOM SAS|1426,14|0,00|||20241230||
AC|Achats|AC00063|20241227|444000|Etat - Impots sur les benefices|||AC124511|20241227|FACT 250120 TELECOM SAS|0,00|1426,14|||20241230||
AC|Achats|AC00064|20240909|602100|Achats de matieres consommables|||AC098115|20240909|FACT 250103 FOURNITURES BUREAU|1259,54|0,00|||20240916||
AC|Achats|AC00064|20240909|401000|Fournisseurs|F00007|ASSURANCE GENERALI|AC098115|20240909|FACT 250103 FOURNITURES BUREAU|0,00|1259,54|||20240916||
AC|Achats|AC00065|20240520|613500|Locations mobilieres|||AC059674|20240520|FACT 250221 TELECOM SAS|235,25|0,00|||20240522||
AC|Achats|AC00065|20240520|437000|Autres organismes sociaux|||AC059674|20240520|FACT 250221 TELECOM SAS|0,00|235,25|||20240522||
AC|Achats|AC00066|20240531|622700|Frais d'actes et de contentieux|||AC055256|20240531|FACT 250120 FOURNITURES BUREAU|1318,18|0,00|||20240603||
AC|Achats|AC00066|20240531|455000|Associes - Comptes courants|||AC055256|20240531|FACT 250120 FOURNITURES BUREAU|0,00|1318,18|||20240603||
AC|Achats|AC00067|20240502|622700|Frais d'actes et de contentieux|||AC057158|20240502|FACT 250102 ELECTRICITE DE FRANCE|1072,84|0,00|||20240507||
AC|Achats|AC00067|20240502|428200|Personnel - Conges payes|||AC057158|20240502|FACT 250102 ELECTRICITE DE FRANCE|0,00|1072,84|||20240507||
AC|Achats|AC00068|20240405|623400|Cadeaux a la clientele|||AC049650|20240405|FACT 250116 TELECOM SAS|946,98|0,00|||20240405||
AC|Achats|AC00068|20240405|487000|Produits constates d'avance|||AC049650|20240405|FACT 250116 TELECOM SAS|0,00|946,98|||20240405||
AC|Achats|AC00069|20240117|608500|Frais accessoires d'achat|||AC015505|20240117|FACT 250121 FOURNITURES BUREAU|1773,01|0,00|||20240117||
AC|Achats|AC00069|20240117|418100|Clients - Factures a etablir|||AC015505|20240117|FACT 250121 FOURNITURES BUREAU|0,00|1773,01|||20240117||
AC|Achats|AC00070|20240802|615200|Entretien et reparations sur biens immobiliers|||AC085600|20240802|FACT 250113 ELECTRICITE DE FRANCE|1476,68|0,00|||20240806||
AC|Achats|AC00070|20240802|512100|Banque secondaire|||AC085600|20240802|FACT 250113 ELECTRICITE DE FRANCE|0,00|1476,68|||20240806||
AC|Achats|AC00071|20240930|613200|Locations immobilieres|||AC099585|20240930|FACT 250107 PAPETERIE EXPRESS|1448,93|0,00|||20241003||
AC|Achats|AC00071|20240930|512000|Banque principale|||AC099585|20240930|FACT 250107 PAPETERIE EXPRESS|0,00|1448,93|||20241003||
AC|Achats|AC00072|20240325|623400|Cadeaux a la clientele|||AC037341|20240325|FACT 250102 FOURNITURES BUREAU|950,11|0,00|||20240401||
AC|Achats|AC00072|20240325|437000|Autres organismes sociaux|||AC037341|20240325|FACT 250102 FOURNITURES BUREAU|0,00|950,11|||20240401||
AC|Achats|AC00073|20240614|602100|Achats de matieres consommables|||AC069921|20240614|FACT 250109 DALKIA FRANCE|422,14|0,00|||20240619||
AC|Achats|AC00073|20240614|404000|Fournisseurs d'immobilisations|||AC069921|20240614|FACT 250109 DALKIA FRANCE|0,00|422,14|||20240619||
AC|Achats|AC00074|20241227|627000|Services bancaires et assimiles|||AC127628|20241227|FACT 250129 DALKIA FRANCE|1347,92|0,00|||20241229||
AC|Achats|AC00074|20241227|514000|Cheques postaux|||AC127628|20241227|FACT 250129 DALKIA FRANCE|0,00|1347,92|||20241229||
AC|Achats|AC00075|20241007|601000|Achats de matieres premieres|||AC108911|20241007|FACT 250107 FOURNITURES BUREAU|866,58|0,00|||20241007||
AC|Achats|AC00075|20241007|512000|Banque principale|||AC108911|20241007|FACT 250107 FOURNITURES BUREAU|0,00|866,58|||20241007||
AC|Achats|AC00076|20240104|618100|Documentation generale|||AC011562|20240104|FACT 250121 PAPETERIE EXPRESS|832,00|0,00|||20240111||
AC|Achats|AC00076|20240104|409100|Fournisseurs - Avances et acomptes verses|||AC011562|20240104|FACT 250121 PAPETERIE EXPRESS|0,00|832,00|||20240111||
AC|Achats|AC00077|20241031|606300|Fournitures d'entretien et petit equipement|||AC107922|20241031|FACT 250121 DALKIA FRANCE|1571,50|0,00|||20241102||
AC|Achats|AC00077|20241031|486000|Charges constatees d'avance|||AC107922|20241031|FACT 250121 DALKIA FRANCE|0,00|1571,50|||20241102||
AC|Achats|AC00078|20240418|602100|Achats de matieres consommables|||AC045394|20240418|FACT 250212 DALKIA FRANCE|1047,91|0,00|||20240423||
AC|Achats|AC00078|20240418|428200|Personnel - Conges payes|||AC045394|20240418|FACT 250212 DALKIA FRANCE|0,00|1047,91|||20240423||
AC|Achats|AC00079|20240405|614000|Charges locatives|||AC043321|20240405|FACT 250124 PAPETERIE EXPRESS|795,60|0,00|||20240406||
AC|Achats|AC00079|20240405|413000|Clients - Effets a recevoir|||AC043321|20240405|FACT 250124 PAPETERIE EXPRESS|0,00|795,60|||20240406||
AC|Achats|AC00080|20240101|627000|Services bancaires et assimiles|||AC015845|20240101|FACT 250107 FOURNITURES BUREAU|1143,65|0,00|||20240101||
AC|Achats|AC00080|20240101|514000|Cheques postaux|||AC015845|20240101|FACT 250107 FOURNITURES BUREAU|0,00|1143,65|||20240101||
AC|Achats|AC00081|20241105|606800|Autres matieres et fournitures|||AC114466|20241105|FACT 250222 ELECTRICITE DE FRANCE|1584,10|0,00|||20241105||
AC|Achats|AC00081|20241105|514000|Cheques postaux|||AC114466|20241105|FACT 250222 ELECTRICITE DE FRANCE|0,00|1584,10|||20241105||
AC|Achats|AC00082|20240627|606800|Autres matieres et fournitures|||AC063613|20240627|FACT 250216 DALKIA FRANCE|188,37|0,00|||20240628||
AC|Achats|AC00082|20240627|427000|Personnel - Oppositions|||AC063613|20240627|FACT 250216 DALKIA FRANCE|0,00|188,37|||20240628||
AC|Achats|AC00083|20241223|615200|Entretien et reparations sur biens immobiliers|||AC123317|20241223|FACT 250120 PAPETERIE EXPRESS|112,98|0,00|||20241229||
AC|Achats|AC00083|20241223|428200|Personnel - Conges payes|||AC123317|20241223|FACT 250120 PAPETERIE EXPRESS|0,00|112,98|||20241229||
AC|Achats|AC00084|20241101|618100|Documentation generale|||AC115941|20241101|FACT 250211 FOURNITURES BUREAU|1078,09|0,00|||20241102||
AC|Achats|AC00084|20241101|512000|Banque principale|||AC115941|20241101|FACT 250211 FOURNITURES BUREAU|0,00|1078,09|||20241102||
AC|Achats|AC00085|20240816|623400|Cadeaux a la clientele|||AC085557|20240816|FACT 250216 TELECOM SAS|1314,33|0,00|||20240821||
AC|Achats|AC00085|20240816|514000|Cheques postaux|||AC085557|20240816|FACT 250216 TELECOM SAS|0,00|1314,33|||20240821||
AC|Achats|AC00086|20240711|616000|Primes d'assurance|||AC074734|20240711|FACT 250108 TELECOM SAS|1328,89|0,00|||20240715||
AC|Achats|AC00086|20240711|401000|Fournisseurs|F00005|BUREAU VERITAS|AC074734|20240711|FACT 250108 TELECOM SAS|0,00|1328,89|||20240715||
AC|Achats|AC00087|20240701|623400|Cadeaux a la clientele|||AC073887|20240701|FACT 250107 FOURNITURES BUREAU|333,98|0,00|||20240707||
AC|Achats|AC00087|20240701|514000|Cheques postaux|||AC073887|20240701|FACT 250107 FOURNITURES BUREAU|0,00|333,98|||20240707||
AC|Achats|AC00088|20240823|606800|Autres matieres et fournitures|||AC084405|20240823|FACT 250112 TELECOM SAS|543,57|0,00|||20240827||
AC|Achats|AC00088|20240823|590000|Depreciation des valeurs mobilieres de placement|||AC084405|20240823|FACT 250112 TELECOM SAS|0,00|543,57|||20240827||
AC|Achats|AC00089|20240905|623400|Cadeaux a la clientele|||AC097687|20240905|FACT 250215 ELECTRICITE DE FRANCE|1000,05|0,00|||20240912||
AC|Achats|AC00089|20240905|447100|Autres impots, taxes et versements assimiles|||AC097687|20240905|FACT 250215 ELECTRICITE DE FRANCE|0,00|1000,05|||20240912||
AC|Achats|AC00090|20241108|623000|Publicite, publications, relations publiques|||AC114239|20241108|FACT 250128 TELECOM SAS|109,31|0,00|||20241111||
AC|Achats|AC00090|20241108|438200|Charges sociales sur conges a payer|||AC114239|20241108|FACT 250128 TELECOM SAS|0,00|109,31|||20241111||
AC|Achats|AC00091|20241021|623100|Annonces et insertions|||AC101000|20241021|FACT 250130 FOURNITURES BUREAU|784,41|0,00|||20241022||
AC|Achats|AC00091|20241021|487000|Produits constates d'avance|||AC101000|20241021|FACT 250130 FOURNITURES BUREAU|0,00|784,41|||20241022||
AC|Achats|AC00092|20241018|623100|Annonces et insertions|||AC108174|20241018|FACT 250120 DALKIA FRANCE|510,75|0,00|||20241021||
AC|Achats|AC00092|20241018|445870|TVA sur factures a etablir|||AC108174|20241018|FACT 250120 DALKIA FRANCE|0,00|510,75|||20241021||
AC|Achats|AC00093|20240112|613500|Locations mobilieres|||AC017682|20240112|FACT 250222 FOURNITURES BUREAU|1874,20|0,00|||20240114||
AC|Achats|AC00093|20240112|467000|Autres comptes debiteurs ou crediteurs|||AC017682|20240112|FACT 250222 FOURNITURES BUREAU|0,00|1874,20|||20240114||
AC|Achats|AC00094|20240625|615500|Entretien et reparations sur biens mobiliers|||AC061863|20240625|FACT 250106 ELECTRICITE DE FRANCE|1054,15|0,00|||20240627||
AC|Achats|AC00094|20240625|427000|Personnel - Oppositions|||AC061863|20240625|FACT 250106 ELECTRICITE DE FRANCE|0,00|1054,15|||20240627||
AC|Achats|AC00095|20240123|628100|Concours divers (cotisations...)|||AC012110|20240123|FACT 250211 TELECOM SAS|705,46|0,00|||20240124||
AC|Achats|AC00095|20240123|403000|Fournisseurs - Effets a payer|||AC012110|20240123|FACT 250211 TELECOM SAS|0,00|705,46|||20240124||
AC|Achats|AC00096|20241204|606300|Fournitures d'entretien et petit equipement|||AC127229|20241204|FACT 250107 ELECTRICITE DE FRANCE|1764,30|0,00|||20241206||
AC|Achats|AC00096|20241204|491000|Depreciation des comptes clients|||AC127229|20241204|FACT 250107 ELECTRICITE DE FRANCE|0,00|1764,30|||20241206||
AC|Achats|AC00097|20241127|625600|Missions|||AC115042|20241127|FACT 250220 FOURNITURES BUREAU|1362,63|0,00|||20241129||
AC|Achats|AC00097|20241127|580000|Virements internes|||AC115042|20241127|FACT 250220 FOURNITURES BUREAU|0,00|1362,63|||20241129||
AC|Achats|AC00098|20240610|625100|Voyages et deplacements|||AC062849|20240610|FACT 250106 FOURNITURES BUREAU|423,63|0,00|||20240617||
AC|Achats|AC00098|20240610|437000|Autres organismes sociaux|||AC062849|20240610|FACT 250106 FOURNITURES BUREAU|0,00|423,63|||20240617||
AC|Achats|AC00099|20240927|623400|Cadeaux a la clientele|||AC095677|20240927|FACT 250105 ELECTRICITE DE FRANCE|1776,44|0,00|||20241004||
AC|Achats|AC00099|20240927|451000|Groupe|||AC095677|20240927|FACT 250105 ELECTRICITE DE FRANCE|0,00|1776,44|||20241004||
AC|Achats|AC00100|20241017|615600|Maintenance|||AC105749|20241017|FACT 250104 TELECOM SAS|917,90|0,00|||20241019||
AC|Achats|AC00100|20241017|425000|Personnel - Avances et acomptes|||AC105749|20241017|FACT 250104 TELECOM SAS|0,00|917,90|||20241019||
AC|Achats|AC00101|20241216|616000|Primes d'assurance|||AC123243|20241216|FACT 250109 PAPETERIE EXPRESS|675,73|0,00|||20241221||
AC|Achats|AC00101|20241216|487000|Produits constates d'avance|||AC123243|20241216|FACT 250109 PAPETERIE EXPRESS|0,00|675,73|||20241221||
AC|Achats|AC00102|20240327|601000|Achats de matieres premieres|||AC033956|20240327|FACT 250211 FOURNITURES BUREAU|1107,26|0,00|||20240329||
AC|Achats|AC00102|20240327|445520|TVA due intracommunautaire|||AC033956|20240327|FACT 250211 FOURNITURES BUREAU|0,00|1107,26|||20240329||
AC|Achats|AC00103|20240326|613200|Locations immobilieres|||AC031754|20240326|FACT 250215 PAPETERIE EXPRESS|491,22|0,00|||20240329||
AC|Achats|AC00103|20240326|451000|Groupe|||AC031754|20240326|FACT 250215 PAPETERIE EXPRESS|0,00|491,22|||20240329||
AC|Achats|AC00104|20241230|613200|Locations immobilieres|||AC123443|20241230|FACT 250219 DALKIA FRANCE|1243,09|0,00|||20241231||
AC|Achats|AC00104|20241230|403000|Fournisseurs - Effets a payer|||AC123443|20241230|FACT 250219 DALKIA FRANCE|0,00|1243,09|||20241231||
AC|Achats|AC00105|20240216|613500|Locations mobilieres|||AC021287|20240216|FACT 250211 DALKIA FRANCE|869,91|0,00|||20240219||
AC|Achats|AC00105|20240216|445710|TVA collectee a payer|||AC021287|20240216|FACT 250211 DALKIA FRANCE|0,00|869,91|||20240219||
AC|Achats|AC00106|20240823|621000|Personnel exterieur a l'entreprise|||AC087403|20240823|FACT 250125 ELECTRICITE DE FRANCE|366,88|0,00|||20240823||
AC|Achats|AC00106|20240823|580000|Virements internes|||AC087403|20240823|FACT 250125 ELECTRICITE DE FRANCE|0,00|366,88|||20240823||
AC|Achats|AC00107|20240507|615500|Entretien et reparations sur biens mobiliers|||AC051316|20240507|FACT 250119 TELECOM SAS|874,43|0,00|||20240508||
AC|Achats|AC00107|20240507|508000|Interets courus sur VMP|||AC051316|20240507|FACT 250119 TELECOM SAS|0,00|874,43|||20240508||
AC|Achats|AC00108|20241231|613200|Locations immobilieres|||AC125621|20241231|FACT 250207 DALKIA FRANCE|1579,91|0,00|||20241231||
AC|Achats|AC00108|20241231|491000|Depreciation des comptes clients|||AC125621|20241231|FACT 250207 DALKIA FRANCE|0,00|1579,91|||20241231||
AC|Achats|AC00109|20240816|602260|Achats d'emballages|||AC087772|20240816|FACT 250128 FOURNITURES BUREAU|1764,89|0,00|||20240820||
AC|Achats|AC00109|20240816|451000|Groupe|||AC087772|20240816|FACT 250128 FOURNITURES BUREAU|0,00|1764,89|||20240820||
AC|Achats|AC00110|20240405|616000|Primes d'assurance|||AC041347|20240405|FACT 250221 TELECOM SAS|254,82|0,00|||20240411||
AC|Achats|AC00110|20240405|421000|Personnel - Remunerations dues|||AC041347|20240405|FACT 250221 TELECOM SAS|0,00|254,82|||20240411||
AC|Achats|AC00111|20240906|613200|Locations immobilieres|||AC095258|20240906|FACT 250220 DALKIA FRANCE|1152,93|0,00|||20240906||
AC|Achats|AC00111|20240906|427000|Personnel - Oppositions|||AC095258|20240906|FACT 250220 DALKIA FRANCE|0,00|1152,93|||20240906||
AC|Achats|AC00112|20241206|608500|Frais accessoires d'achat|||AC123935|20241206|FACT 250221 TELECOM SAS|1428,45|0,00|||20241210||
AC|Achats|AC00112|20241206|428200|Personnel - Conges payes|||AC123935|20241206|FACT 250221 TELECOM SAS|0,00|1428,45|||20241210||
AC|Achats|AC00113|20241114|606300|Fournitures d'entretien et petit equipement|||AC115327|20241114|FACT 250112 ELECTRICITE DE FRANCE|677,04|0,00|||20241116||
AC|Achats|AC00113|20241114|445620|TVA deductible sur immobilisations|||AC115327|20241114|FACT 250112 ELECTRICITE DE FRANCE|0,00|677,04|||20241116||
AC|Achats|AC00114|20240308|613500|Locations mobilieres|||AC036379|20240308|FACT 250105 TELECOM SAS|223,56|0,00|||20240309||
AC|Achats|AC00114|20240308|421000|Personnel - Remunerations dues|||AC036379|20240308|FACT 250105 TELECOM SAS|0,00|223,56|||20240309||
AC|Achats|AC00115|20240222|606100|Electricite, gaz, eau|||AC029473|20240222|FACT 250223 PAPETERIE EXPRESS|1168,76|0,00|||20240227||
AC|Achats|AC00115|20240222|491000|Depreciation des comptes clients|||AC029473|20240222|FACT 250223 PAPETERIE EXPRESS|0,00|1168,76|||20240227||
AC|Achats|AC00116|20240625|618500|Frais de colloques, seminaires, conferences|||AC061539|20240625|FACT 250130 PAPETERIE EXPRESS|1979,34|0,00|||20240626||
AC|Achats|AC00116|20240625|530000|Caisse|||AC061539|20240625|FACT 250130 PAPETERIE EXPRESS|0,00|1979,34|||20240626||
AC|Achats|AC00117|20241205|616000|Primes d'assurance|||AC129485|20241205|FACT 250106 ELECTRICITE DE FRANCE|1885,67|0,00|||20241206||
AC|Achats|AC00117|20241205|512000|Banque principale|||AC129485|20241205|FACT 250106 ELECTRICITE DE FRANCE|0,00|1885,67|||20241206||
AC|Achats|AC00118|20241230|615200|Entretien et reparations sur biens immobiliers|||AC124366|20241230|FACT 250220 TELECOM SAS|172,53|0,00|||20241230||
AC|Achats|AC00118|20241230|512000|Banque principale|||AC124366|20241230|FACT 250220 TELECOM SAS|0,00|172,53|||20241230||
AC|Achats|AC00119|20240214|606800|Autres matieres et fournitures|||AC028909|20240214|FACT 250218 TELECOM SAS|1974,82|0,00|||20240220||
AC|Achats|AC00119|20240214|427000|Personnel - Oppositions|||AC028909|20240214|FACT 250218 TELECOM SAS|0,00|1974,82|||20240220||
AC|Achats|AC00120|20240517|621000|Personnel exterieur a l'entreprise|||AC052390|20240517|FACT 250118 DALKIA FRANCE|1012,91|0,00|||20240518||
AC|Achats|AC00120|20240517|580000|Virements internes|||AC052390|20240517|FACT 250118 DALKIA FRANCE|0,00|1012,91|||20240518||
AC|Achats|AC00121|20241018|625700|Receptions|||AC104580|20241018|FACT 250111 PAPETERIE EXPRESS|595,48|0,00|||20241024||
AC|Achats|AC00121|20241018|445670|TVA collectee|||AC104580|20241018|FACT 250111 PAPETERIE EXPRESS|0,00|595,48|||20241024||
AC|Achats|AC00122|20241106|623000|Publicite, publications, relations publiques|||AC117723|20241106|FACT 250119 ELECTRICITE DE FRANCE|1944,22|0,00|||20241110||
AC|Achats|AC00122|20241106|491000|Depreciation des comptes clients|||AC117723|20241106|FACT 250119 ELECTRICITE DE FRANCE|0,00|1944,22|||20241110||
AC|Achats|AC00123|20241122|606800|Autres matieres et fournitures|||AC118308|20241122|FACT 250125 ELECTRICITE DE FRANCE|1697,72|0,00|||20241123||
AC|Achats|AC00123|20241122|445620|TVA deductible sur immobilisations|||AC118308|20241122|FACT 250125 ELECTRICITE DE FRANCE|0,00|1697,72|||20241123||
AC|Achats|AC00124|20240531|606300|Fournitures d'entretien et petit equipement|||AC052626|20240531|FACT 250210 ELECTRICITE DE FRANCE|1611,92|0,00|||20240603||
AC|Achats|AC00124|20240531|428200|Personnel - Conges payes|||AC052626|20240531|FACT 250210 ELECTRICITE DE FRANCE|0,00|1611,92|||20240603||
AC|Achats|AC00125|20240620|602200|Achats de fournitures consommables|||AC063016|20240620|FACT 250104 TELECOM SAS|1142,94|0,00|||20240622||
AC|Achats|AC00125|20240620|518700|Interets courus a recevoir|||AC063016|20240620|FACT 250104 TELECOM SAS|0,00|1142,94|||20240622||
AC|Achats|AC00126|20240617|623100|Annonces et insertions|||AC065980|20240617|FACT 250112 FOURNITURES BUREAU|1911,90|0,00|||20240623||
AC|Achats|AC00126|20240617|438200|Charges sociales sur conges a payer|||AC065980|20240617|FACT 250112 FOURNITURES BUREAU|0,00|1911,90|||20240623||
AC|Achats|AC00127|20241014|618500|Frais de colloques, seminaires, conferences|||VE077195|20241014|FACT 250126 ELECTRICITE DE FRANCE|1846,41|0,00|||20241016||
AC|Achats|AC00127|20241014|437000|Autres organismes sociaux|||AC101359|20241014|FACT 250126 ELECTRICITE DE FRANCE|0,00|1846,41|||20241016||
AC|Achats|AC00128|20240531|623400|Cadeaux a la clientele|||AC054240|20240531|FACT 250222 TELECOM SAS|425,09|0,00|||20240602||
AC|Achats|AC00128|20240531|403000|Fournisseurs - Effets a payer|||AC054240|20240531|FACT 250222 TELECOM SAS|0,00|425,09|||20240602||
AC|Achats|AC00129|20240830|623100|Annonces et insertions|||AC081795|20240830|FACT 250126 TELECOM SAS|749,08|0,00|||20240906||
AC|Achats|AC00129|20240830|455000|Associes - Comptes courants|||AC081795|20240830|FACT 250126 TELECOM SAS|0,00|749,08|||20240906||
AC|Achats|AC00130|20240301|625700|Receptions|||AC031145|20240301|FACT 250115 ELECTRICITE DE FRANCE|1284,37|0,00|||20240301||
AC|Achats|AC00130|20240301|590000|Depreciation des valeurs mobilieres de placement|||AC031145|20240301|FACT 250115 ELECTRICITE DE FRANCE|0,00|1284,37|||20240301||
AC|Achats|AC00131|20240530|602260|Achats d'emballages|||AC051355|20240530|FACT 250126 DALKIA FRANCE|1699,19|0,00|||20240602||
AC|Achats|AC00131|20240530|471000|Compte d'attente|||AC051355|20240530|FACT 250126 DALKIA FRANCE|0,00|1699,19|||20240602||
AC|Achats|AC00132|20240701|618500|Frais de colloques, seminaires, conferences|||AC072796|20240701|FACT 250212 PAPETERIE EXPRESS|1841,51|0,00|||20240703||
AC|Achats|AC00132|20240701|451000|Groupe|||AC072796|20240701|FACT 250212 PAPETERIE EXPRESS|0,00|1841,51|||20240703||
AC|Achats|AC00133|20240822|618500|Frais de colloques, seminaires, conferences|||AC089342|20240822|FACT 250223 PAPETERIE EXPRESS|1540,46|0,00|||20240827||
AC|Achats|AC00133|20240822|518700|Interets courus a recevoir|||AC089342|20240822|FACT 250223 PAPETERIE EXPRESS|0,00|1540,46|||20240827||
AC|Achats|AC00134|20240827|618100|Documentation generale|||AC088676|20240827|FACT 250204 PAPETERIE EXPRESS|1344,40|0,00|||20240901||
AC|Achats|AC00134|20240827|408100|Fournisseurs - Factures non parvenues|||AC088676|20240827|FACT 250204 PAPETERIE EXPRESS|0,00|1344,40|||20240901||
AC|Achats|AC00135|20240503|606300|Fournitures d'entretien et petit equipement|||AC051697|20240503|FACT 250126 DALKIA FRANCE|1140,58|0,00|||20240505||
AC|Achats|AC00135|20240503|404000|Fournisseurs d'immobilisations|||AC051697|20240503|FACT 250126 DALKIA FRANCE|0,00|1140,58|||20240505||
AC|Achats|AC00136|20240920|608500|Frais accessoires d'achat|||AC096747|20240920|FACT 250202 ELECTRICITE DE FRANCE|645,57|0,00|||20240924||
AC|Achats|AC00136|20240920|517000|Autres organismes financiers|||AC096747|20240920|FACT 250202 ELECTRICITE DE FRANCE|0,00|645,57|||20240924||
AC|Achats|AC00137|20240906|602200|Achats de fournitures consommables|||AC097254|20240906|FACT 250207 FOURNITURES BUREAU|1838,16|0,00|||20240909||
AC|Achats|AC00137|20240906|471000|Compte d'attente|||AC097254|20240906|FACT 250207 FOURNITURES BUREAU|0,00|1838,16|||20240909||
AC|Achats|AC00138|20240923|616000|Primes d'assurance|||AC091058|20240923|FACT 250219 DALKIA FRANCE|781,68|0,00|||20240925||
AC|Achats|AC00138|20240923|518700|Interets courus a recevoir|||AC091058|20240923|FACT 250219 DALKIA FRANCE|0,00|781,68|||20240925||
AC|Achats|AC00139|20241025|401000|Fournisseurs|F00010|ELECTRICITE DE FRANCE|AC103843|20241025|FACT 250212 TELECOM SAS|343,69|0,00|||20241031||
AC|Achats|AC00139|20241025|518100|Interets courus a payer|||AC103843|20241025|FACT 250212 TELECOM SAS|0,00|343,69|||20241031||
AC|Achats|AC00140|20240124|627000|Services bancaires et assimiles|||AC014852|20240124|FACT 250211 PAPETERIE EXPRESS|1980,71|0,00|||20240130||
AC|Achats|AC00140|20240124|451000|Groupe|||AC014852|20240124|FACT 250211 PAPETERIE EXPRESS|0,00|1980,71|||20240130||
AC|Achats|AC00141|20240813|616000|Primes d'assurance|||AC081753|20240813|FACT 250221 DALKIA FRANCE|31,99|0,00|||20240815||
AC|Achats|AC00141|20240813|401000|Fournisseurs|F00002|TELECOM SAS|AC081753|20240813|FACT 250221 DALKIA FRANCE|0,00|31,99|||20240815||
AC|Achats|AC00142|20240520|612000|Redevances de credit-bail|||AC053084|20240520|FACT 250207 ELECTRICITE DE FRANCE|66,00|0,00|||20240521||
AC|Achats|AC00142|20240520|580000|Virements internes|||AC053084|20240520|FACT 250207 ELECTRICITE DE FRANCE|0,00|66,00|||20240521||
AC|Achats|AC00143|20240322|623000|Publicite, publications, relations publiques|||AC034363|20240322|FACT 250127 FOURNITURES BUREAU|1361,75|0,00|||20240322||
AC|Achats|AC00143|20240322|512100|Banque secondaire|||AC034363|20240322|FACT 250127 FOURNITURES BUREAU|0,00|1361,75|||20240322||
AC|Achats|AC00144|20240604|628100|Concours divers (cotisations...)|||AC063420|20240604|FACT 250207 PAPETERIE EXPRESS|1912,02|0,00|||20240610||
AC|Achats|AC00144|20240604|445620|TVA deductible sur immobilisations|||AC063420|20240604|FACT 250207 PAPETERIE EXPRESS|0,00|1912,02|||20240610||
AC|Achats|AC00145|20240909|602260|Achats d'emballages|||AC099015|20240909|FACT 250214 ELECTRICITE DE FRANCE|1570,60|0,00|||20240911||
AC|Achats|AC00145|20240909|419100|Clients - Avances et acomptes recus|||AC099015|20240909|FACT 250214 ELECTRICITE DE FRANCE|0,00|1570,60|||20240911||
AC|Achats|AC00146|20240906|628100|Concours divers (cotisations...)|||AC096521|20240906|FACT 250224 FOURNITURES BUREAU|1603,01|0,00|||20240911||
AC|Achats|AC00146|20240906|468600|Charges a payer|||AC096521|20240906|FACT 250224 FOURNITURES BUREAU|0,00|1603,01|||20240911||
AC|Achats|AC00147|20240726|615500|Entretien et reparations sur biens mobiliers|||AC071206|20240726|FACT 250130 DALKIA FRANCE|202,78|0,00|||20240727||
AC|Achats|AC00147|20240726|421000|Personnel - Remunerations dues|||AC071206|20240726|FACT 250130 DALKIA FRANCE|0,00|202,78|||20240727||
AC|Achats|AC00148|20240620|623000|Publicite, publications, relations publiques|||AC062460|20240620|FACT 250122 DALKIA FRANCE|1712,29|0,00|||20240623||
AC|Achats|AC00148|20240620|512100|Banque secondaire|||AC062460|20240620|FACT 250122 DALKIA FRANCE|0,00|1712,29|||20240623||
AC|Achats|AC00149|20241231|601000|Achats de matieres premieres|||AC129032|20241231|FACT 250119 PAPETERIE EXPRESS|579,94|0,00|||20241231||
AC|Achats|AC00149|20241231|416000|Clients douteux|||AC129032|20241231|FACT 250119 PAPETERIE EXPRESS|0,00|579,94|||20241231||
AC|Achats|AC00150|20240529|621000|Personnel exterieur a l'entreprise|||AC051196|20240529|FACT 250115 ELECTRICITE DE FRANCE|603,63|0,00|||20240602||
AC|Achats|AC00150|20240529|401000|Fournisseurs|F00004|PAPETERIE EXPRESS|AC051196|20240529|FACT 250115 ELECTRICITE DE FRANCE|0,00|603,63|||20240602||
AC|Achats|AC00151|20240517|602200|Achats de fournitures consommables|||AC052334|20240517|FACT 250101 ELECTRICITE DE FRANCE|1350,34|0,00|||20240522||
AC|Achats|AC00151|20240517|411000|Clients|C00001|CLIENT ALPHA|AC052334|20240517|FACT 250101 ELECTRICITE DE FRANCE|0,00|1350,34|T1|20241221|20240522||
AC|Achats|AC00152|20241104|628100|Concours divers (cotisations...)|||AC112700|20241104|FACT 250207 FOURNITURES BUREAU|629,42|0,00|||20241108||
AC|Achats|AC00152|20241104|487000|Produits constates d'avance|||AC112700|20241104|FACT 250207 FOURNITURES BUREAU|0,00|629,42|||20241108||
AC|Achats|AC00153|20240226|608500|Frais accessoires d'achat|||AC025448|20240226|FACT 250206 FOURNITURES BUREAU|888,94|0,00|||20240227||
AC|Achats|AC00153|20240226|401000|Fournisseurs|F00005|BUREAU VERITAS|AC025448|20240226|FACT 250206 FOURNITURES BUREAU|0,00|888,94|||20240227||
AC|Achats|AC00154|20240628|606400|Fournitures administratives|||AC065625|20240628|FACT 250221 PAPETERIE EXPRESS|1374,11|0,00|||20240628||
AC|Achats|AC00154|20240628|419100|Clients - Avances et acomptes recus|||AC065625|20240628|FACT 250221 PAPETERIE EXPRESS|0,00|1374,11|||20240628||
AC|Achats|AC00155|20240115|623400|Cadeaux a la clientele|||AC013304|20240115|FACT 250110 TELECOM SAS|1708,52|0,00|||20240116||
AC|Achats|AC00155|20240115|530000|Caisse|||AC013304|20240115|FACT 250110 TELECOM SAS|0,00|1708,52|||20240116||
AC|Achats|AC00156|20240329|616000|Primes d'assurance|||AC039222|20240329|FACT 250103 PAPETERIE EXPRESS|671,49|0,00|||20240404||
AC|Achats|AC00156|20240329|444000|Etat - Impots sur les benefices|||AC039222|20240329|FACT 250103 PAPETERIE EXPRESS|0,00|671,49|||20240404||
AC|Achats|AC00157|20241129|618100|Documentation generale|||AC112988|20241129|FACT 250210 ELECTRICITE DE FRANCE|518,56|0,00|||20241129||
AC|Achats|AC00157|20241129|445620|TVA deductible sur immobilisations|||AC112988|20241129|FACT 250210 ELECTRICITE DE FRANCE|0,00|518,56|||20241129||
AC|Achats|AC00158|20241116|621000|Personnel exterieur a l'entreprise|||AC116196|20241114|FACT 250207 FOURNITURES BUREAU|1450,55|0,00|||20241121||
AC|Achats|AC00158|20241114|487000|Produits constates d'avance|||AC116196|20241114|FACT 250207 FOURNITURES BUREAU|0,00|1450,55|||20241121||
AC|Achats|AC00159|20240906|622700|Frais d'actes et de contentieux|||AC099836|20240906|FACT 250207 DALKIA FRANCE|1731,70|0,00|||20240909||
AC|Achats|AC00159|20240906|455000|Associes - Comptes courants|||AC099836|20240906|FACT 250207 DALKIA FRANCE|0,00|1731,70|||20240909||
AC|Achats|AC00160|20240116|613500|Locations mobilieres|||AC014793|20240116|FACT 250203 ELECTRICITE DE FRANCE|863,11|0,00|||20240117||
AC|Achats|AC00160|20240116|445870|TVA sur factures a etablir|||AC014793|20240116|FACT 250203 ELECTRICITE DE FRANCE|0,00|863,11|||20240117||
AC|Achats|AC00161|20240307|622600|Honoraires|||AC035121|20240307|FACT 250128 DALKIA FRANCE|354,15|0,00|||20240308||
AC|Achats|AC00161|20240307|403000|Fournisseurs - Effets a payer|||AC035121|20240307|FACT 250128 DALKIA FRANCE|0,00|354,15|||20240308||
AC|Achats|AC00162|20240325|616000|Primes d'assurance|||AC034450|20240325|FACT 250206 DALKIA FRANCE|596,19|0,00|||20240331||
AC|Achats|AC00162|20240325|419100|Clients - Avances et acomptes recus|||AC034450|20240325|FACT 250206 DALKIA FRANCE|0,00|596,19|||20240331||
AC|Achats|AC00163|20241108|621000|Personnel exterieur a l'entreprise|||VE121893|20241108|FACT 250223 FOURNITURES BUREAU|716,41|0,00|||20241108||
AC|Achats|AC00163|20241108|451000|Groupe|||AC111288|20241108|FACT 250223 FOURNITURES BUREAU|0,00|716,41|||20241108||
AC|Achats|AC00164|20241204|613200|Locations immobilieres|||AC129515|20241204|FACT 250116 PAPETERIE EXPRESS|1668,00|0,00|||20241211||
AC|Achats|AC00164|20241204|514000|Cheques postaux|||AC129515|20241204|FACT 250116 PAPETERIE EXPRESS|0,00|1668,00|||20241211||
AC|Achats|AC00165|20240531|625100|Voyages et deplacements|||AC058599|20240531|FACT 250120 ELECTRICITE DE FRANCE|1930,90|0,00|||20240605||
AC|Achats|AC00165|20240531|408400|Fournisseurs d'immobilisations - Factures non parvenues|||AC058599|20240531|FACT 250120 ELECTRICITE DE FRANCE|0,00|1930,90|||20240605||
AC|Achats|AC00166|20240927|614000|Charges locatives|||BQ127354|20240927|FACT 250115 FOURNITURES BUREAU|945,05|0,00|||20240930||
AC|Achats|AC00166|20240927|580000|Virements internes|||BQ127354|20240927|FACT 250115 FOURNITURES BUREAU|0,00|945,05|||20240930||
AC|Achats|AC00167|20240516|625600|Missions|||AC055032|20240516|FACT 250123 DALKIA FRANCE|108,07|0,00|||20240516||
AC|Achats|AC00167|20240516|427000|Personnel - Oppositions|||AC055032|20240516|FACT 250123 DALKIA FRANCE|0,00|108,07|||20240516||
AC|Achats|AC00168|20240227|627000|Services bancaires et assimiles|||AC026466|20240227|FACT 250105 PAPETERIE EXPRESS|1659,74|0,00|||20240305||
AC|Achats|AC00168|20240227|468600|Charges a payer|||AC026466|20240227|FACT 250105 PAPETERIE EXPRESS|0,00|1659,74|||20240305||
AC|Achats|AC00169|20241213|606800|Autres matieres et fournitures|||AC123581|20241213|FACT 250122 PAPETERIE EXPRESS|571,73|0,00|||20241218||
AC|Achats|AC00169|20241213|455000|Associes - Comptes courants|||AC123581|20241213|FACT 250122 PAPETERIE EXPRESS|0,00|571,73|||20241218||
AC|Achats|AC00170|20241227|602100|Achats de matieres consommables|||AC122304|20241227|FACT 250121 FOURNITURES BUREAU|884,51|0,00|||20241227||
AC|Achats|AC00170|20241227|518700|Interets courus a recevoir|||AC122304|20241227|FACT 250121 FOURNITURES BUREAU|0,00|884,51|||20241227||
AC|Achats|AC00171|20240312|611000|Sous-traitance generale|||AC037988|20240312|FACT 250104 ELECTRICITE DE FRANCE|1454,49|0,00|||20240316||
AC|Achats|AC00171|20240312|416000|Clients douteux|||AC037988|20240312|FACT 250104 ELECTRICITE DE FRANCE|0,00|1454,49|||20240316||
AC|Achats|AC00172|20240314|613200|Locations immobilieres|||AC032443|20240314|FACT 250217 FOURNITURES BUREAU|182,09|0,00|||20240320||
AC|Achats|AC00172|20240314|404000|Fournisseurs d'immobilisations|||AC032443|20240314|FACT 250217 FOURNITURES BUREAU|0,00|182,09|||20240320||
AC|Achats|AC00173|20240719|622700|Frais d'actes et de contentieux|||AC079381|20240719|FACT 250214 FOURNITURES BUREAU|950,97|0,00|||20240721||
AC|Achats|AC00173|20240719|438200|Charges sociales sur conges a payer|||AC079381|20240719|FACT 250214 FOURNITURES BUREAU|0,00|950,97|||20240721||
AC|Achats|AC00174|20240228|615500|Entretien et reparations sur biens mobiliers|||AC029300|20240228|FACT 250219 PAPETERIE EXPRESS|149,45|0,00|||20240304||
AC|Achats|AC00174|20240228|445710|TVA collectee a payer|||AC029300|20240228|FACT 250219 PAPETERIE EXPRESS|0,00|149,45|||20240304||
AC|Achats|AC00175|20240823|628100|Concours divers (cotisations...)|||AC081096|20240823|FACT 250218 TELECOM SAS|1550,75|0,00|||20240824||
AC|Achats|AC00175|20240823|403000|Fournisseurs - Effets a payer|||AC081096|20240823|FACT 250218 TELECOM SAS|0,00|1550,75|||20240824||
AC|Achats|AC00176|20240111|626000|Frais postaux et de telecommunications|||AC016971|20240111|FACT 250119 FOURNITURES BUREAU|1054,59|0,00|||20240114||
AC|Achats|AC00176|20240111|518700|Interets courus a recevoir|||AC016971|20240111|FACT 250119 FOURNITURES BUREAU|0,00|1054,59|||20240114||
AC|Achats|AC00177|20240815|616000|Primes d'assurance|||AC089213|20240815|FACT 250113 FOURNITURES BUREAU|1704,09|0,00|||20240819||
AC|Achats|AC00177|20240815|468600|Charges a payer|||AC089213|20240815|FACT 250113 FOURNITURES BUREAU|0,00|1704,09|||20240819||
AC|Achats|AC00178|20241108|625100|Voyages et deplacements|||AC114933|20241108|FACT 250204 PAPETERIE EXPRESS|579,80|0,00|||20241115||
AC|Achats|AC00178|20241108|404000|Fournisseurs d'immobilisations|||AC114933|20241108|FACT 250204 PAPETERIE EXPRESS|0,00|579,80|||20241115||
AC|Achats|AC00179|20240216|607000|Achats de marchandises|||AC024536|20240216|FACT 250216 FOURNITURES BUREAU|1168,52|0,00|||20240219||
AC|Achats|AC00179|20240216|413000|Clients - Effets a recevoir|||AC024536|20240216|FACT 250216 FOURNITURES BUREAU|0,00|1168,52|||20240219||
AC|Achats|AC00180|20240228|613500|Locations mobilieres|||AC022667|20240228|FACT 250205 ELECTRICITE DE FRANCE|1113,00|0,00|||20240306||
AC|Achats|AC00180|20240228|408400|Fournisseurs d'immobilisations - Factures non parvenues|||AC022667|20240228|FACT 250205 ELECTRICITE DE FRANCE|0,00|1113,00|||20240306||
AC|Achats|AC00181|20240201|612000|Redevances de credit-bail|||AC022591|20240201|FACT 250122 FOURNITURES BUREAU|681,81|0,00|||20240207||
AC|Achats|AC00181|20240201|401000|Fournisseurs|F00002|TELECOM SAS|AC022591|20240201|FACT 250122 FOURNITURES BUREAU|0,00|681,81|||20240207||
AC|Achats|AC00182|20240614|606800|Autres matieres et fournitures|||AC069129|20240614|FACT 250110 PAPETERIE EXPRESS|383,53|0,00|||20240619||
AC|Achats|AC00182|20240614|580000|Virements internes|||AC069129|20240614|FACT 250110 PAPETERIE EXPRESS|0,00|383,53|||20240619||
AC|Achats|AC00183|20241017|615600|Maintenance|||AC109279|20241017|FACT 250217 TELECOM SAS|513,50|0,00|||20241021||
AC|Achats|AC00183|20241019|428200|Personnel - Conges payes|||AC109279|20241017|FACT 250217 TELECOM SAS|0,00|513,50|||20241021||
AC|Achats|AC00184|20240208|401000|Fournisseurs|F00002|TELECOM SAS|AC023841|20240208|FACT 250122 FOURNITURES BUREAU|9789,31|0,00|||20240213||
AC|Achats|AC00184|20240208|517000|Autres organismes financiers|||AC023841|20240208|FACT 250122 FOURNITURES BUREAU|0,00|9789,31|||20240213||
AC|Achats|AC00185|20240813|618100|Documentation generale|||AC087671|20240813|FACT 250117 PAPETERIE EXPRESS|1997,58|0,00|||20240820||
AC|Achats|AC00185|20240813|419100|Clients - Avances et acomptes recus|||AC087671|20240813|FACT 250117 PAPETERIE EXPRESS|0,00|1997,58|||20240820||
AC|Achats|AC00186|20240508|625700|Receptions|||AC053716|20240508|FACT 250212 FOURNITURES BUREAU|1355,31|0,00|||20240511||
AC|Achats|AC00186|20240508|444000|Etat - Impots sur les benefices|||AC053716|20240508|FACT 250212 FOURNITURES BUREAU|0,00|1355,31|||20240511||
AC|Achats|AC00187|20240828|623400|Cadeaux a la clientele|||AC085369|20240828|FACT 250207 PAPETERIE EXPRESS|1538,96|0,00|||20240828||
AC|Achats|AC00187|20240828|580000|Virements internes|||AC085369|20240828|FACT 250207 PAPETERIE EXPRESS|0,00|1538,96|||20240828||
AC|Achats|AC00188|20240419|626000|Frais postaux et de telecommunications|||AC047545|20240419|FACT 250121 PAPETERIE EXPRESS|411,57|0,00|||20240425||
AC|Achats|AC00188|20240419|445670|TVA collectee|||AC047545|20240419|FACT 250121 PAPETERIE EXPRESS|0,00|411,57|||20240425||
AC|Achats|AC00189|20240624|602200|Achats de fournitures consommables|||AC067913|20240624|FACT 250108 ELECTRICITE DE FRANCE|36,45|0,00|||20240630||
AC|Achats|AC00189|20240624|455000|Associes - Comptes courants|||AC067913|20240624|FACT 250108 ELECTRICITE DE FRANCE|0,00|36,45|||20240630||
AC|Achats|AC00190|20240221|623000|Publicite, publications, relations publiques|||AC025073|20240221|FACT 250106 TELECOM SAS|158,54|0,00|||20240224||
AC|Achats|AC00190|20240221|445520|TVA due intracommunautaire|||AC025073|20240221|FACT 250106 TELECOM SAS|0,00|158,54|||20240224||
AC|Achats|AC00191|20241112|606100|Electricite, gaz, eau|||AC119002|20241112|FACT 250103 FOURNITURES BUREAU|1889,76|0,00|||20241118||
AC|Achats|AC00191|20241112|445860|TVA sur factures non parvenues|||AC119002|20241112|FACT 250103 FOURNITURES BUREAU|0,00|1889,76|||20241118||
AC|Achats|AC00192|20240920|606300|Fournitures d'entretien et petit equipement|||AC093576|20240920|FACT 250215 ELECTRICITE DE FRANCE|979,08|0,00|||20240926||
AC|Achats|AC00192|20240920|438200|Charges sociales sur conges a payer|||AC093576|20240920|FACT 250215 ELECTRICITE DE FRANCE|0,00|979,08|||20240926||
AC|Achats|AC00193|20240919|615200|Entretien et reparations sur biens immobiliers|||AC092127|20240919|FACT 250115 DALKIA FRANCE|116,34|0,00|||20240919||
AC|Achats|AC00193|20240919|444000|Etat - Impots sur les benefices|||AC092127|20240919|FACT 250115 DALKIA FRANCE|0,00|116,34|||20240919||
AC|Achats|AC00194|20240209|602200|Achats de fournitures consommables|||AC028382|20240209|FACT 250218 TELECOM SAS|1152,31|0,00|||20240216||
AC|Achats|AC00194|20240209|408400|Fournisseurs d'immobilisations - Factures non parvenues|||AC028382|20240209|FACT 250218 TELECOM SAS|0,00|1152,31|||20240216||
AC|Achats|AC00195|20240704|606100|Electricite, gaz, eau|||AC076559|20240704|FACT 250217 FOURNITURES BUREAU|1235,01|0,00|||20240709||
AC|Achats|AC00195|20240704|518100|Interets courus a payer|||AC076559|20240704|FACT 250217 FOURNITURES BUREAU|0,00|1235,01|||20240709||
AC|Achats|AC00196|20240621|606400|Fournitures administratives|||AC065886|20240621|FACT 250109 ELECTRICITE DE FRANCE|1579,98|0,00|||20240622||
AC|Achats|AC00196|20240621|418100|Clients - Factures a etablir|||AC065886|20240621|FACT 250109 ELECTRICITE DE FRANCE|0,00|1579,98|||20240622||
AC|Achats|AC00197|20240313|612000|Redevances de credit-bail|||AC065886|20240313|FACT 250207 DALKIA FRANCE|959,23|0,00|||20240318||
AC|Achats|AC00197|20240313|580000|Virements internes|||AC037204|20240313|FACT 250207 DALKIA FRANCE|0,00|959,23|||20240318||
AC|Achats|AC00198|20240531|628100|Concours divers (cotisations...)|||AC051277|20240531|FACT 250127 PAPETERIE EXPRESS|1421,89|0,00|||20240604||
AC|Achats|AC00198|20240531|514000|Cheques postaux|||AC051277|20240531|FACT 250127 PAPETERIE EXPRESS|0,00|1421,89|||20240604||
AC|Achats|AC00199|20241226|601000|Achats de matieres premieres|||AC127047|20241226|FACT 250208 TELECOM SAS|1163,74|0,00|||20241226||
AC|Achats|AC00199|20241226|403000|Fournisseurs - Effets a payer|||AC127047|20241226|FACT 250208 TELECOM SAS|0,00|1163,74|||20241226||
AC|Achats|AC00200|20240417|625100|Voyages et deplacements|||AC043483|20240417|FACT 250208 DALKIA FRANCE|980,63|0,00|||20240419||
AC|Achats|AC00200|20240417|445520|TVA due intracommunautaire|||AC043483|20240417|FACT 250208 DALKIA FRANCE|0,00|980,63|||20240419||
AC|Achats|AC00201|20240321|608500|Frais accessoires d'achat|||AC039304|20240321|FACT 250102 ELECTRICITE DE FRANCE|1118,76|0,00|||20240322||
AC|Achats|AC00201|20240321|408100|Fournisseurs - Factures non parvenues|||AC039304|20240321|FACT 250102 ELECTRICITE DE FRANCE|0,00|1118,76|||20240322||
AC|Achats|AC00202|20240301|613500|Locations mobilieres|||AC035333|20240301|FACT 250222 FOURNITURES BUREAU|356,55|0,00|||20240304||
AC|Achats|AC00202|20240301|517000|Autres organismes financiers|||AC035333|20240301|FACT 250222 FOURNITURES BUREAU|0,00|356,55|||20240304||
AC|Achats|AC00203|20241220|625600|Missions|||AC121934|20241220|FACT 250125 ELECTRICITE DE FRANCE|131,57|0,00|||20241226||
AC|Achats|AC00203|20241220|409100|Fournisseurs - Avances et acomptes verses|||AC121934|20241220|FACT 250125 ELECTRICITE DE FRANCE|0,00|131,57|||20241226||
AC|Achats|AC00204|20240322|625100|Voyages et deplacements|||AC038004|20240322|FACT 250223 DALKIA FRANCE|1601,66|0,00|||20240328||
AC|Achats|AC00204|20240322|511000|Valeurs a l'encaissement|||AC038004|20240322|FACT 250223 DALKIA FRANCE|0,00|1601,66|||20240328||
AC|Achats|AC00205|20240712|401000|Fournisseurs|F00006|MAINTENANCE PRO|AC077446|20240712|FACT 250107 PAPETERIE EXPRESS|1439,30|0,00|||20240714||
AC|Achats|AC00205|20240712|511000|Valeurs a l'encaissement|||AC077446|20240712|FACT 250107 PAPETERIE EXPRESS|0,00|1439,30|||20240714||
AC|Achats|AC00206|20240513|613500|Locations mobilieres|||AC051635|20240513|FACT 250116 ELECTRICITE DE FRANCE|1155,43|0,00|||20240517||
AC|Achats|AC00206|20240513|451000|Groupe|||AC051635|20240513|FACT 250116 ELECTRICITE DE FRANCE|0,00|1155,43|||20240517||
AC|Achats|AC00207|20241227|611000|Sous-traitance generale|||AC125394|20241227|FACT 250116 PAPETERIE EXPRESS|1036,09|0,00|||20241229||
AC|Achats|AC00207|20241227|403000|Fournisseurs - Effets a payer|||AC125394|20241227|FACT 250116 PAPETERIE EXPRESS|0,00|1036,09|||20241229||
AC|Achats|AC00208|20240209|602100|Achats de matieres consommables|||AC029430|20240209|FACT 250215 TELECOM SAS|1315,41|0,00|||20240210||
AC|Achats|AC00208|20240209|508000|Interets courus sur VMP|||AC029430|20240209|FACT 250215 TELECOM SAS|0,00|1315,41|||20240210||
AC|Achats|AC00209|20240112|602200|Achats de fournitures consommables|||AC014769|20240112|FACT 250108 DALKIA FRANCE|294,98|0,00|||20240119||
AC|Achats|AC00209|20240112|517000|Autres organismes financiers|||AC014769|20240112|FACT 250108 DALKIA FRANCE|0,00|294,98|||20240119||
AC|Achats|AC00210|20240202|602260|Achats d'emballages|||AC028126|20240202|FACT 250109 ELECTRICITE DE FRANCE|305,73|0,00|||20240204||
AC|Achats|AC00210|20240202|409100|Fournisseurs - Avances et acomptes verses|||AC028126|20240202|FACT 250109 ELECTRICITE DE FRANCE|0,00|305,73|||20240204||
AC|Achats|AC00211|20241022|622700|Frais d'actes et de contentieux|||AC106243|20241022|FACT 250213 ELECTRICITE DE FRANCE|613,22|0,00|||20241029||
AC|Achats|AC00211|20241022|467000|Autres comptes debiteurs ou crediteurs|||AC106243|20241022|FACT 250213 ELECTRICITE DE FRANCE|0,00|613,22|||20241029||
AC|Achats|AC00212|20241206|602200|Achats de fournitures consommables|||AC128230|20241206|FACT 250106 FOURNITURES BUREAU|359,98|0,00|||20241211||
AC|Achats|AC00212|20241206|441000|Etat - Impot sur les benefices|||AC128230|20241206|FACT 250106 FOURNITURES BUREAU|0,00|359,98|||20241211||
AC|Achats|AC00213|20240405|606100|Electricite, gaz, eau|||AC042729|20240405|FACT 250214 DALKIA FRANCE|1503,22|0,00|||20240411||
AC|Achats|AC00213|20240405|411000|Clients|C00003|CLIENT GAMMA|AC042729|20240405|FACT 250214 DALKIA FRANCE|0,00|1503,22|||20240411||
BQ|Banque|BQ00001|20241120|675000|Valeurs comptables des elements d'actif cedes|||BQ111766|20241120|CB 03/01 FOURNISSEUR|896,74|0,00|||20241123||
BQ|Banque|BQ00001|20241120|445620|TVA deductible sur immobilisations|||BQ111766|20241120|CB 03/01 FOURNISSEUR|0,00|896,74|||20241123||
BQ|Banque|BQ00002|20240708|613200|Locations immobilieres|||BQ071783|20240708|CB 18/02 FOURNISSEUR|263,71|0,00|||20240708||
BQ|Banque|BQ00002|20240708|409100|Fournisseurs - Avances et acomptes verses|||BQ071783|20240708|CB 18/02 FOURNISSEUR|0,00|263,71|||20240708||
BQ|Banque|BQ00003|20240611|419100|Clients - Avances et acomptes recus|||BQ065137|20240611|OPERATION BANCAIRE 07/02|137,00|0,00|||20240616||
BQ|Banque|BQ00003|20240611|416000|Clients douteux|||BQ065137|20240611|OPERATION BANCAIRE 07/02|0,00|137,00|||20240616||
BQ|Banque|BQ00004|20240705|621000|Personnel exterieur a l'entreprise|||BQ073260|20240705|CB 07/02 FOURNISSEUR|1093,60|0,00|||20240705||
BQ|Banque|BQ00004|20240705|413000|Clients - Effets a recevoir|||BQ073260|20240705|CB 07/02 FOURNISSEUR|0,00|1093,60|||20240705||
BQ|Banque|BQ00005|20240301|607000|Achats de marchandises|||BQ036042|20240301|CB 12/02 FOURNISSEUR|1209,13|0,00|||20240303||
BQ|Banque|BQ00005|20240301|445860|TVA sur factures non parvenues|||BQ036042|20240301|CB 12/02 FOURNISSEUR|0,00|1209,13|||20240303||
BQ|Banque|BQ00006|20240517|618100|Documentation generale|||BQ053891|20240517|CB 15/01 FOURNISSEUR|1939,69|0,00|||20240523||
BQ|Banque|BQ00006|20240517|409100|Fournisseurs - Avances et acomptes verses|||BQ053891|20240517|CB 15/01 FOURNISSEUR|0,00|1939,69|||20240523||
BQ|Banque|BQ00007|20241220|623100|Annonces et insertions|||BQ126687|20241220|CB 09/02 FOURNISSEUR|731,89|0,00|||20241223||
BQ|Banque|BQ00007|20241220|431000|Securite sociale|||BQ126687|20241220|CB 09/02 FOURNISSEUR|0,00|731,89|||20241223||
BQ|Banque|BQ00008|20240717|635000|Autres impots, taxes et versements assimiles|||BQ071495|20240717|CB 20/02 FOURNISSEUR|1882,20|0,00|||20240720||
BQ|Banque|BQ00008|20240717|491000|Depreciation des comptes clients|||BQ071495|20240717|CB 20/02 FOURNISSEUR|0,00|1882,20|||20240720||
BQ|Banque|BQ00009|20240920|648000|Autres charges de personnel|||BQ098130|20240920|CB 11/01 FOURNISSEUR|518,10|0,00|||20240922||
BQ|Banque|BQ00009|20240920|404000|Fournisseurs d'immobilisations|||BQ098130|20240920|CB 11/01 FOURNISSEUR|0,00|518,10|||20240922||
BQ|Banque|BQ00010|20240315|698000|Integration fiscale - Charges|||BQ035354|20240315|CB 08/01 FOURNISSEUR|256,56|0,00|||20240315||
BQ|Banque|BQ00010|20240315|404000|Fournisseurs d'immobilisations|||BQ035354|20240315|CB 08/01 FOURNISSEUR|0,00|256,56|||20240315||
BQ|Banque|BQ00011|20241225|416000|Clients douteux|||BQ121875|20241225|OPERATION BANCAIRE 02/02|17,71|0,00|||20241225||
BQ|Banque|BQ00011|20241225|607000|Achats de marchandises|||BQ121875|20241225|OPERATION BANCAIRE 02/02|0,00|17,71|||20241225||
BQ|Banque|BQ00012|20240322|612000|Redevances de credit-bail|||BQ032559|20240322|CB 12/02 FOURNISSEUR|1507,61|0,00|||20240326||
BQ|Banque|BQ00012|20240322|418100|Clients - Factures a etablir|||BQ032559|20240322|CB 12/02 FOURNISSEUR|0,00|1507,61|||20240326||
BQ|Banque|BQ00013|20240708|607000|Achats de marchandises|||BQ071588|20240708|CB 30/01 FOURNISSEUR|1479,97|0,00|||20240710||
BQ|Banque|BQ00013|20240708|445870|TVA sur factures a etablir|||BQ071588|20240708|CB 30/01 FOURNISSEUR|0,00|1479,97|||20240710||
BQ|Banque|BQ00014|20240717|781740|Reprises sur provisions sur creances|||BQ071856|20240717|OPERATION BANCAIRE 04/02|391,74|0,00|||20240722||
BQ|Banque|BQ00014|20240717|645000|Charges de securite sociale et de prevoyance|||BQ071856|20240717|OPERATION BANCAIRE 04/02|0,00|391,74|||20240722||
BQ|Banque|BQ00015|20241216|590000|Depreciation des valeurs mobilieres de placement|||BQ124515|20241216|VIREMENT 22/02 REF 78887488|748,97|0,00|||20241223||
BQ|Banque|BQ00015|20241216|530000|Caisse|||BQ124515|20241216|VIREMENT 22/02 REF 78887488|0,00|748,97|||20241223||
BQ|Banque|BQ00016|20240412|665000|Escomptes accordes|||BQ041935|20240412|CB 23/02 FOURNISSEUR|1609,11|0,00|||20240414||
BQ|Banque|BQ00016|20240412|514000|Cheques postaux|||BQ041935|20240412|CB 23/02 FOURNISSEUR|0,00|1609,11|||20240414||
BQ|Banque|BQ00017|20240626|764000|Revenus des valeurs mobilieres de placement|||BQ062659|20240626|OPERATION BANCAIRE 17/01|364,28|0,00|||20240629||
BQ|Banque|BQ00017|20240626|625700|Receptions|||BQ062659|20240626|OPERATION BANCAIRE 17/01|0,00|364,28|||20240629||
BQ|Banque|BQ00018|20241004|765000|Escomptes obtenus|||BQ107181|20241004|OPERATION BANCAIRE 21/01|97,65|0,00|||20241009||
BQ|Banque|BQ00018|20241004|671000|Charges exceptionnelles sur operations de gestion|||BQ107181|20241004|OPERATION BANCAIRE 21/01|0,00|97,65|||20241009||
BQ|Banque|BQ00019|20240503|751000|Redevances pour concessions, brevets, licences, etc.|||BQ059574|20240503|OPERATION BANCAIRE 21/02|1217,80|0,00|||20240503||
BQ|Banque|BQ00019|20240503|413000|Clients - Effets a recevoir|||BQ059574|20240503|OPERATION BANCAIRE 21/02|0,00|1217,80|||20240503||
BQ|Banque|BQ00020|20240315|625600|Missions|||BQ035219|20240315|CB 15/02 FOURNISSEUR|1663,20|0,00|||20240319||
BQ|Banque|BQ00020|20240315|508000|Interets courus sur VMP|||BQ035219|20240315|CB 15/02 FOURNISSEUR|0,00|1663,20|||20240319||
BQ|Banque|BQ00021|20240305|765000|Escomptes obtenus|||BQ038874|20240305|OPERATION BANCAIRE 23/02|1601,21|0,00|||20240311||
BQ|Banque|BQ00021|20240305|613200|Locations immobilieres|||BQ038874|20240305|OPERATION BANCAIRE 23/02|0,00|1601,21|||20240311||
BQ|Banque|BQ00022|20241108|701000|Ventes de produits finis|||BQ115402|20241108|OPERATION BANCAIRE 17/01|615,42|0,00|||20241113||
BQ|Banque|BQ00022|20241108|512100|Banque secondaire|||BQ115402|20241108|OPERATION BANCAIRE 17/01|0,00|615,42|||20241113||
BQ|Banque|BQ00023|20240607|681120|Dot. amort. sur immo. corporelles|||BQ067327|20240607|CB 13/02 FOURNISSEUR|1190,09|0,00|||20240610||
BQ|Banque|BQ00023|20240607|427000|Personnel - Oppositions|||BQ067327|20240607|CB 13/02 FOURNISSEUR|0,00|1190,09|||20240610||
BQ|Banque|BQ00024|20240906|635000|Autres impots, taxes et versements assimiles|||BQ096271|20240906|CB 04/01 FOURNISSEUR|1696,35|0,00|||20240907||
BQ|Banque|BQ00024|20240906|438200|Charges sociales sur conges a payer|||BQ096271|20240906|CB 04/01 FOURNISSEUR|0,00|1696,35|||20240907||
BQ|Banque|BQ00025|20241113|762000|Produits des autres immobilisations financieres|||BQ117545|20241113|OPERATION BANCAIRE 20/01|1127,92|0,00|||20241117||
BQ|Banque|BQ00025|20241113|758000|Produits divers de gestion courante|||BQ117545|20241113|OPERATION BANCAIRE 20/01|0,00|1127,92|||20241117||
BQ|Banque|BQ00026|20240412|648000|Autres charges de personnel|||BQ044593|20240412|CB 08/02 FOURNISSEUR|1170,18|0,00|||20240416||
BQ|Banque|BQ00026|20240412|518100|Interets courus a payer|||BQ044593|20240412|CB 08/02 FOURNISSEUR|0,00|1170,18|||20240416||
BQ|Banque|BQ00027|20240223|413000|Clients - Effets a recevoir|||BQ023456|20240223|OPERATION BANCAIRE 10/01|36,94|0,00|||20240301||
BQ|Banque|BQ00027|20240223|633000|Impots, taxes et versements assimiles sur remunerations (autres organismes)|||BQ023456|20240223|OPERATION BANCAIRE 10/01|0,00|36,94|||20240301||
BQ|Banque|BQ00028|20240510|661000|Charges d'interets|||BQ056165|20240510|CB 07/01 FOURNISSEUR|1237,52|0,00|||20240510||
BQ|Banque|BQ00028|20240510|428200|Personnel - Conges payes|||BQ056165|20240510|CB 07/01 FOURNISSEUR|0,00|1237,52|||20240510||
BQ|Banque|BQ00029|20240216|500000|Valeurs mobilieres de placement|||BQ021068|20240216|VIREMENT 18/02 REF 45499837|362,59|0,00|||20240223||
BQ|Banque|BQ00029|20240216|511000|Valeurs a l'encaissement|||BQ021068|20240216|VIREMENT 18/02 REF 45499837|0,00|362,59|||20240223||
BQ|Banque|BQ00030|20241108|613500|Locations mobilieres|||BQ111072|20241108|CB 10/02 FOURNISSEUR|183,17|0,00|||20241113||
BQ|Banque|BQ00030|20241108|411000|Clients|C00006|CLIENT ZETA|BQ111072|20241108|CB 10/02 FOURNISSEUR|0,00|183,17|||20241113||
BQ|Banque|BQ00031|20240731|622600|Honoraires|||BQ078952|20240731|CB 21/01 FOURNISSEUR|1342,64|0,00|||20240731||
BQ|Banque|BQ00031|20240731|445870|TVA sur factures a etablir|||BQ078952|20240731|CB 21/01 FOURNISSEUR|0,00|1342,64|||20240731||
BQ|Banque|BQ00032|20240105|618500|Frais de colloques, seminaires, conferences|||BQ018997|20240105|CB 28/01 FOURNISSEUR|1771,36|0,00|||20240105||
BQ|Banque|BQ00032|20240105|413000|Clients - Effets a recevoir|||BQ018997|20240105|CB 28/01 FOURNISSEUR|0,00|1771,36|||20240105||
BQ|Banque|BQ00033|20240930|767000|Produits nets sur cessions de valeurs mobilieres de placement|||BQ094863|20240930|OPERATION BANCAIRE 06/01|305,85|0,00|||20241002||
BQ|Banque|BQ00033|20240930|706000|Prestations de services|||BQ094863|20240930|OPERATION BANCAIRE 06/01|0,00|305,85|||20241002||
BQ|Banque|BQ00034|20240311|614000|Charges locatives|||BQ032729|20240311|CB 04/02 FOURNISSEUR|521,23|0,00|||20240314||
BQ|Banque|BQ00034|20240311|491000|Depreciation des comptes clients|||BQ032729|20240311|CB 04/02 FOURNISSEUR|0,00|521,23|||20240314||
BQ|Banque|BQ00035|20240529|751000|Redevances pour concessions, brevets, licences, etc.|||BQ058865|20240529|OPERATION BANCAIRE 09/02|506,23|0,00|||20240601||
BQ|Banque|BQ00035|20240529|781740|Reprises sur provisions sur creances|||BQ058865|20240529|OPERATION BANCAIRE 09/02|0,00|506,23|||20240601||
BQ|Banque|BQ00036|20240417|763000|Revenus des autres creances|||BQ046481|20240417|OPERATION BANCAIRE 22/02|345,42|0,00|||20240417||
BQ|Banque|BQ00036|20240417|648000|Autres charges de personnel|||BQ046481|20240417|OPERATION BANCAIRE 22/02|0,00|345,42|||20240417||
BQ|Banque|BQ00037|20241213|518100|Interets courus a payer|||BQ129415|20241213|VIREMENT 13/02 REF 49612769|27,00|0,00|||20241219||
BQ|Banque|BQ00037|20241213|658000|Charges diverses de gestion courante|||BQ129415|20241213|VIREMENT 13/02 REF 49612769|0,00|27,00|||20241219||
BQ|Banque|BQ00038|20240124|720000|Production immobilisee|||BQ016916|20240124|OPERATION BANCAIRE 02/01|437,30|0,00|||20240129||
BQ|Banque|BQ00038|20240124|606300|Fournitures d'entretien et petit equipement|||BQ016916|20240124|OPERATION BANCAIRE 02/01|0,00|437,30|||20240129||
BQ|Banque|BQ00039|20241023|409100|Fournisseurs - Avances et acomptes verses|||BQ109670|20241023|OPERATION BANCAIRE 05/02|522,38|0,00|||20241023||
BQ|Banque|BQ00039|20241023|671000|Charges exceptionnelles sur operations de gestion|||BQ109670|20241023|OPERATION BANCAIRE 05/02|0,00|522,38|||20241023||
BQ|Banque|BQ00040|20240209|408100|Fournisseurs - Factures non parvenues|||BQ029110|20240209|OPERATION BANCAIRE 21/02|437,39|0,00|||20240216||
BQ|Banque|BQ00040|20240209|691000|Participation des salaries aux resultats|||BQ029110|20240209|OPERATION BANCAIRE 21/02|0,00|437,39|||20240216||
BQ|Banque|BQ00041|20240118|798000|Integration fiscale - Produits|||BQ018104|20240118|OPERATION BANCAIRE 14/02|699,18|0,00|||20240119||
BQ|Banque|BQ00041|20240118|622700|Frais d'actes et de contentieux|||BQ018104|20240118|OPERATION BANCAIRE 14/02|0,00|699,18|||20240119||
BQ|Banque|BQ00042|20240426|691000|Participation des salaries aux resultats|||BQ046748|20240426|CB 29/01 FOURNISSEUR|1459,20|0,00|||20240430||
BQ|Banque|BQ00042|20240426|471000|Compte d'attente|||BQ046748|20240426|CB 29/01 FOURNISSEUR|0,00|1459,20|||20240430||
BQ|Banque|BQ00043|20240614|408400|Fournisseurs d'immobilisations - Factures non parvenues|||BQ067397|20240614|OPERATION BANCAIRE 19/02|398,11|0,00|||20240621||
BQ|Banque|BQ00043|20240614|775000|Produits des cessions d'elements d'actif|||BQ067397|20240614|OPERATION BANCAIRE 19/02|0,00|398,11|||20240621||
BQ|Banque|BQ00044|20240812|765000|Escomptes obtenus|||BQ083193|20240812|OPERATION BANCAIRE 06/01|25,38|0,00|||20240819||
BQ|Banque|BQ00044|20240812|608500|Frais accessoires d'achat|||BQ083193|20240812|OPERATION BANCAIRE 06/01|0,00|25,38|||20240819||
BQ|Banque|BQ00045|20240329|642000|Remunerations des dirigeants|||BQ036996|20240329|CB 23/02 FOURNISSEUR|1018,73|0,00|||20240403||
BQ|Banque|BQ00045|20240329|416000|Clients douteux|||BQ036996|20240329|CB 23/02 FOURNISSEUR|0,00|1018,73|||20240403||
BQ|Banque|BQ00046|20241002|767000|Produits nets sur cessions de valeurs mobilieres de placement|||BQ102083|20241002|OPERATION BANCAIRE 31/01|1167,87|0,00|||20241002||
BQ|Banque|BQ00046|20241002|781740|Reprises sur provisions sur creances|||BQ102083|20241002|OPERATION BANCAIRE 31/01|0,00|1167,87|||20241002||
BQ|Banque|BQ00047|20240906|713000|Variation des stocks|||BQ097878|20240906|OPERATION BANCAIRE 02/02|416,89|0,00|||20240913||
BQ|Banque|BQ00047|20240906|763000|Revenus des autres creances|||BQ097878|20240906|OPERATION BANCAIRE 02/02|0,00|416,89|||20240913||
BQ|Banque|BQ00048|20240820|775000|Produits des cessions d'elements d'actif|||BQ086613|20240820|OPERATION BANCAIRE 07/01|592,04|0,00|||20240820||
BQ|Banque|BQ00048|20240820|418100|Clients - Factures a etablir|||BQ086613|20240820|OPERATION BANCAIRE 07/01|0,00|592,04|||20240820||
BQ|Banque|BQ00049|20241210|627000|Services bancaires et assimiles|||BQ122829|20241210|CB 22/02 FOURNISSEUR|701,71|0,00|||20241217||
BQ|Banque|BQ00049|20241210|511000|Valeurs a l'encaissement|||BQ122829|20241210|CB 22/02 FOURNISSEUR|0,00|701,71|||20241217||
BQ|Banque|BQ00050|20240513|681110|Dot. amort. sur immo. incorporelles|||BQ056987|20240513|CB 22/02 FOURNISSEUR|1604,18|0,00|||20240516||
BQ|Banque|BQ00050|20240513|530000|Caisse|||BQ056987|20240513|CB 22/02 FOURNISSEUR|0,00|1604,18|||20240516||
BQ|Banque|BQ00051|20240816|621000|Personnel exterieur a l'entreprise|||BQ085073|20240816|CB 16/02 FOURNISSEUR|1270,19|0,00|||20240822||
BQ|Banque|BQ00051|20240816|401000|Fournisseurs|F00004|PAPETERIE EXPRESS|BQ085073|20240816|CB 16/02 FOURNISSEUR|0,00|1270,19|Q1|20241207|20240822||
BQ|Banque|BQ00052|20240119|602200|Achats de fournitures consommables|||BQ013457|20240119|CB 02/02 FOURNISSEUR|1303,60|0,00|||20240122||
BQ|Banque|BQ00052|20240119|427000|Personnel - Oppositions|||BQ013457|20240119|CB 02/02 FOURNISSEUR|0,00|1303,60|||20240122||
BQ|Banque|BQ00053|20241108|615200|Entretien et reparations sur biens immobiliers|||BQ115471|20241108|CB 06/01 FOURNISSEUR|640,07|0,00|||20241114||
BQ|Banque|BQ00053|20241108|500000|Valeurs mobilieres de placement|||BQ115471|20241108|CB 06/01 FOURNISSEUR|0,00|640,07|||20241114||
BQ|Banque|BQ00054|20240823|767000|Produits nets sur cessions de valeurs mobilieres de placement|||BQ088601|20240823|OPERATION BANCAIRE 14/01|1559,81|0,00|||20240825||
BQ|Banque|BQ00054|20240823|607000|Achats de marchandises|||BQ088601|20240823|OPERATION BANCAIRE 14/01|0,00|1559,81|||20240825||
BQ|Banque|BQ00055|20240320|707000|Ventes de marchandises|||BQ035614|20240320|OPERATION BANCAIRE 22/01|1803,00|0,00|||20240327||
BQ|Banque|BQ00055|20240320|606300|Fournitures d'entretien et petit equipement|||BQ035614|20240320|OPERATION BANCAIRE 22/01|0,00|1803,00|||20240327||
BQ|Banque|BQ00056|20240327|791000|Transferts de charges d'exploitation|||OD017364|20240327|OPERATION BANCAIRE 10/01|1741,91|0,00|||20240403||
BQ|Banque|BQ00056|20240327|623100|Annonces et insertions|||BQ038097|20240327|OPERATION BANCAIRE 10/01|0,00|1741,91|||20240403||
BQ|Banque|BQ00057|20241007|654000|Pertes sur creances irrecouvrables|||BQ101807|20241007|CB 26/01 FOURNISSEUR|265,18|0,00|||20241011||
BQ|Banque|BQ00057|20241007|468600|Charges a payer|||BQ101807|20241007|CB 26/01 FOURNISSEUR|0,00|265,18|||20241011||
BQ|Banque|BQ00058|20240220|409100|Fournisseurs - Avances et acomptes verses|||BQ024643|20240220|OPERATION BANCAIRE 13/02|193,54|0,00|||20240224||
BQ|Banque|BQ00058|20240220|618100|Documentation generale|||BQ024643|20240220|OPERATION BANCAIRE 13/02|0,00|193,54|||20240224||
BQ|Banque|BQ00059|20240119|633000|Impots, taxes et versements assimiles sur remunerations (autres organismes)|||BQ019157|20240119|CB 14/02 FOURNISSEUR|1360,29|0,00|||20240120||
BQ|Banque|BQ00059|20240119|508000|Interets courus sur VMP|||BQ019157|20240119|CB 14/02 FOURNISSEUR|0,00|1360,29|||20240120||
BQ|Banque|BQ00060|20240524|641000|Remunerations du personnel|||BQ051075|20240524|CB 06/01 FOURNISSEUR|1325,81|0,00|||20240528||
BQ|Banque|BQ00060|20240525|518100|Interets courus a payer|||BQ051075|20240524|CB 06/01 FOURNISSEUR|0,00|1325,81|||20240528||
BQ|Banque|BQ00061|20241220|686500|Dot. provisions pour risques et charges financiers|||BQ129647|20241220|CB 30/01 FOURNISSEUR|1681,48|0,00|||20241222||
BQ|Banque|BQ00061|20241220|491000|Depreciation des comptes clients|||BQ129647|20241220|CB 30/01 FOURNISSEUR|0,00|1681,48|||20241222||
BQ|Banque|BQ00062|20241220|664000|Pertes sur cessions de valeurs mobilieres de placement|||BQ127823|20241220|CB 15/02 FOURNISSEUR|1666,14|0,00|||20241224||
BQ|Banque|BQ00062|20241220|437000|Autres organismes sociaux|||BQ127823|20241220|CB 15/02 FOURNISSEUR|0,00|1666,14|||20241224||
BQ|Banque|BQ00063|20241115|713000|Variation des stocks|||BQ112790|20241115|OPERATION BANCAIRE 03/01|1575,77|0,00|||20241122||
BQ|Banque|BQ00063|20241115|695000|Impots sur les benefices|||BQ112790|20241115|OPERATION BANCAIRE 03/01|0,00|1575,77|||20241122||
BQ|Banque|BQ00064|20240426|763000|Revenus des autres creances|||BQ041099|20240426|OPERATION BANCAIRE 08/01|1781,91|0,00|||20240430||
BQ|Banque|BQ00064|20240426|687000|Dot. amort. et provisions exceptionnels|||BQ041099|20240426|OPERATION BANCAIRE 08/01|0,00|1781,91|||20240430||
BQ|Banque|BQ00065|20240919|614000|Charges locatives|||BQ093119|20240919|CB 19/02 FOURNISSEUR|1697,23|0,00|||20240920||
BQ|Banque|BQ00065|20240919|411000|Clients|C00001|CLIENT ALPHA|BQ093119|20240919|CB 19/02 FOURNISSEUR|0,00|1697,23|||20240920||
BQ|Banque|BQ00066|20240416|403000|Fournisseurs - Effets a payer|||BQ041404|20240416|OPERATION BANCAIRE 16/01|993,07|0,00|||20240421||
BQ|Banque|BQ00066|20240416|408100|Fournisseurs - Factures non parvenues|||BQ041404|20240416|OPERATION BANCAIRE 16/01|0,00|993,07|||20240421||
BQ|Banque|BQ00067|20240423|681110|Dot. amort. sur immo. incorporelles|||BQ047452|20240423|CB 03/02 FOURNISSEUR|1250,94|0,00|||20240425||
BQ|Banque|BQ00067|20240423|508000|Interets courus sur VMP|||BQ047452|20240423|CB 03/02 FOURNISSEUR|0,00|1250,94|||20240425||
BQ|Banque|BQ00068|20240328|758000|Produits divers de gestion courante|||BQ034275|20240328|OPERATION BANCAIRE 06/02|82,94|0,00|||20240330||
BQ|Banque|BQ00068|20240328|775000|Produits des cessions d'elements d'actif|||BQ034275|20240328|OPERATION BANCAIRE 06/02|0,00|82,94|||20240330||
BQ|Banque|BQ00069|20241213|754000|Ristournes percues des cooperatives|||BQ128422|20241213|OPERATION BANCAIRE 03/01|1081,82|0,00|||20241217||
BQ|Banque|BQ00069|20241213|675000|Valeurs comptables des elements d'actif cedes|||BQ128422|20241213|OPERATION BANCAIRE 03/01|0,00|1081,82|||20241217||
BQ|Banque|BQ00070|20240213|687000|Dot. amort. et provisions exceptionnels|||BQ026545|20240213|CB 05/01 FOURNISSEUR|35,38|0,00|||20240218||
BQ|Banque|BQ00070|20240213|408400|Fournisseurs d'immobilisations - Factures non parvenues|||BQ026545|20240213|CB 05/01 FOURNISSEUR|0,00|35,38|||20240218||
BQ|Banque|BQ00071|20241025|518700|Interets courus a recevoir|||BQ104534|20241025|VIREMENT 07/01 REF 89431968|288,34|0,00|||20241027||
BQ|Banque|BQ00071|20241025|781740|Reprises sur provisions sur creances|||BQ104534|20241025|VIREMENT 07/01 REF 89431968|0,00|288,34|||20241027||
BQ|Banque|BQ00072|20240712|695000|Impots sur les benefices|||BQ073103|20240712|CB 13/02 FOURNISSEUR|1073,11|0,00|||20240715||
BQ|Banque|BQ00072|20240712|416000|Clients douteux|||BQ073103|20240712|CB 13/02 FOURNISSEUR|0,00|1073,11|||20240715||
BQ|Banque|BQ00073|20240223|615200|Entretien et reparations sur biens immobiliers|||BQ026991|20240223|CB 23/01 FOURNISSEUR|535,04|0,00|||20240229||
BQ|Banque|BQ00073|20240223|518100|Interets courus a payer|||BQ026991|20240223|CB 23/01 FOURNISSEUR|0,00|535,04|||20240229||
BQ|Banque|BQ00074|20240529|761000|Produits de participations|||BQ054628|20240529|OPERATION BANCAIRE 22/02|680,84|0,00|||20240603||
BQ|Banque|BQ00074|20240529|514000|Cheques postaux|||BQ054628|20240529|OPERATION BANCAIRE 22/02|0,00|680,84|||20240603||
BQ|Banque|BQ00075|20240126|419100|Clients - Avances et acomptes recus|||BQ016028|20240126|OPERATION BANCAIRE 01/01|473,96|0,00|||20240202||
BQ|Banque|BQ00075|20240126|602200|Achats de fournitures consommables|||BQ016028|20240126|OPERATION BANCAIRE 01/01|0,00|473,96|||20240202||
BQ|Banque|BQ00076|20240719|641000|Remunerations du personnel|||BQ077278|20240719|CB 01/01 FOURNISSEUR|1598,61|0,00|||20240725||
BQ|Banque|BQ00076|20240719|530000|Caisse|||BQ077278|20240719|CB 01/01 FOURNISSEUR|0,00|1598,61|||20240725||
BQ|Banque|BQ00077|20241122|635000|Autres impots, taxes et versements assimiles|||BQ111337|20241122|CB 07/01 FOURNISSEUR|1265,59|0,00|||20241123||
BQ|Banque|BQ00077|20241122|467000|Autres comptes debiteurs ou crediteurs|||BQ111337|20241122|CB 07/01 FOURNISSEUR|0,00|1265,59|||20241123||
BQ|Banque|BQ00078|20240702|661000|Charges d'interets|||BQ076438|20240702|CB 20/01 FOURNISSEUR|34,14|0,00|||20240706||
BQ|Banque|BQ00078|20240702|517000|Autres organismes financiers|||BQ076438|20240702|CB 20/01 FOURNISSEUR|0,00|34,14|||20240706||
BQ|Banque|BQ00079|20241205|706000|Prestations de services|||BQ125899|20241205|OPERATION BANCAIRE 16/01|1900,56|0,00|||20241205||
BQ|Banque|BQ00079|20241205|606800|Autres matieres et fournitures|||BQ125899|20241205|OPERATION BANCAIRE 16/01|0,00|1900,56|||20241205||
BQ|Banque|BQ00080|20240202|691000|Participation des salaries aux resultats|||BQ024391|20240202|CB 11/02 FOURNISSEUR|1975,84|0,00|||20240206||
BQ|Banque|BQ00080|20240203|445710|TVA collectee a payer|||BQ024391|20240202|CB 11/02 FOURNISSEUR|0,00|1975,84|||20240206||
BQ|Banque|BQ00081|20240412|687000|Dot. amort. et provisions exceptionnels|||BQ046493|20240412|CB 31/01 FOURNISSEUR|1946,18|0,00|||20240415||
BQ|Banque|BQ00081|20240412|500000|Valeurs mobilieres de placement|||BQ046493|20240412|CB 31/01 FOURNISSEUR|0,00|1946,18|||20240415||
BQ|Banque|BQ00082|20240725|408400|Fournisseurs d'immobilisations - Factures non parvenues|||BQ078442|20240725|OPERATION BANCAIRE 30/01|658,88|0,00|||20240726||
BQ|Banque|BQ00082|20240725|613200|Locations immobilieres|||BQ078442|20240725|OPERATION BANCAIRE 30/01|0,00|658,88|||20240726||
BQ|Banque|BQ00083|20241024|681740|Dot. provisions sur creances|||BQ109540|20241024|CB 06/02 FOURNISSEUR|286,21|0,00|||20241029||
BQ|Banque|BQ00083|20241024|445520|TVA due intracommunautaire|||BQ109540|20241024|CB 06/02 FOURNISSEUR|0,00|286,21|||20241029||
BQ|Banque|BQ00084|20241002|786500|Reprises sur provisions pour risques et charges financiers|||BQ107686|20241002|OPERATION BANCAIRE 19/02|1329,78|0,00|||20241005||
BQ|Banque|BQ00084|20241002|401000|Fournisseurs|F00009|NETTOYAGE SERVICE|BQ107686|20241002|OPERATION BANCAIRE 19/02|0,00|1329,78|||20241005||
BQ|Banque|BQ00085|20240715|671000|Charges exceptionnelles sur operations de gestion|||BQ072489|20240715|CB 11/01 FOURNISSEUR|468,73|0,00|||20240716||
BQ|Banque|BQ00085|20240715|486000|Charges constatees d'avance|||BQ072489|20240715|CB 11/01 FOURNISSEUR|0,00|468,73|||20240716||
BQ|Banque|BQ00086|20241121|720000|Production immobilisee|||BQ119619|20241121|OPERATION BANCAIRE 30/01|292,94|0,00|||20241125||
BQ|Banque|BQ00086|20241121|707000|Ventes de marchandises|||BQ119619|20241121|OPERATION BANCAIRE 30/01|0,00|292,94|||20241125||
BQ|Banque|BQ00087|20240416|606100|Electricite, gaz, eau|||BQ043010|20240416|CB 16/02 FOURNISSEUR|1736,92|0,00|||20240418||
BQ|Banque|BQ00087|20240416|431000|Securite sociale|||BQ043010|20240416|CB 16/02 FOURNISSEUR|0,00|1736,92|||20240418||
BQ|Banque|BQ00088|20241210|645000|Charges de securite sociale et de prevoyance|||BQ122068|20241210|CB 04/01 FOURNISSEUR|1135,25|0,00|||20241215||
BQ|Banque|BQ00088|20241210|419100|Clients - Avances et acomptes recus|||BQ122068|20241210|CB 04/01 FOURNISSEUR|0,00|1135,25|||20241215||
BQ|Banque|BQ00089|20240906|606800|Autres matieres et fournitures|||BQ092957|20240906|CB 04/02 FOURNISSEUR|1318,02|0,00|||20240907||
BQ|Banque|BQ00089|20240906|518700|Interets courus a recevoir|||BQ092957|20240906|CB 04/02 FOURNISSEUR|0,00|1318,02|||20240907||
BQ|Banque|BQ00090|20240301|781500|Reprises sur provisions pour risques et charges d'exploitation|||CA088430|20240301|OPERATION BANCAIRE 08/02|471,87|0,00|||20240303||
BQ|Banque|BQ00090|20240301|754000|Ristournes percues des cooperatives|||BQ035414|20240301|OPERATION BANCAIRE 08/02|0,00|471,87|||20240303||
BQ|Banque|BQ00091|20241025|681120|Dot. amort. sur immo. corporelles|||BQ102128|20241025|CB 11/02 FOURNISSEUR|661,96|0,00|||20241030||
BQ|Banque|BQ00091|20241025|409100|Fournisseurs - Avances et acomptes verses|||BQ102128|20241025|CB 11/02 FOURNISSEUR|0,00|661,96|||20241030||
BQ|Banque|BQ00092|20241106|781500|Reprises sur provisions pour risques et charges d'exploitation|||BQ115743|20241106|OPERATION BANCAIRE 14/01|1536,14|0,00|||20241113||
BQ|Banque|BQ00092|20241106|691000|Participation des salaries aux resultats|||BQ115743|20241106|OPERATION BANCAIRE 14/01|0,00|1536,14|||20241113||
BQ|Banque|BQ00093|20240828|602260|Achats d'emballages|||BQ083151|20240828|CB 04/02 FOURNISSEUR|760,72|0,00|||20240903||
BQ|Banque|BQ00093|20240828|445860|TVA sur factures non parvenues|||BQ083151|20240828|CB 04/02 FOURNISSEUR|0,00|760,72|||20240903||
BQ|Banque|BQ00094|20240325|708500|Ports et frais accessoires factures|||BQ038603|20240325|OPERATION BANCAIRE 22/01|891,87|0,00|||20240329||
BQ|Banque|BQ00094|20240325|635000|Autres impots, taxes et versements assimiles|||BQ038603|20240325|OPERATION BANCAIRE 22/01|0,00|891,87|||20240329||
BQ|Banque|BQ00095|20241219|606300|Fournitures d'entretien et petit equipement|||BQ121952|20241219|CB 18/02 FOURNISSEUR|550,37|0,00|||20241224||
BQ|Banque|BQ00095|20241219|411000|Clients|C00006|CLIENT ZETA|BQ121952|20241219|CB 18/02 FOURNISSEUR|0,00|550,37|||20241224||
BQ|Banque|BQ00096|20240308|664000|Pertes sur cessions de valeurs mobilieres de placement|||BQ035620|20240308|CB 13/01 FOURNISSEUR|1117,85|0,00|||20240312||
BQ|Banque|BQ00096|20240308|530000|Caisse|||BQ035620|20240308|CB 13/01 FOURNISSEUR|0,00|1117,85|||20240312||
BQ|Banque|BQ00097|20240209|761000|Produits de participations|||BQ025894|20240209|OPERATION BANCAIRE 03/02|1214,74|0,00|||20240215||
BQ|Banque|BQ00097|20240209|781500|Reprises sur provisions pour risques et charges d'exploitation|||BQ025894|20240209|OPERATION BANCAIRE 03/02|0,00|1214,74|||20240215||
BQ|Banque|BQ00098|20240322|642000|Remunerations des dirigeants|||BQ038218|20240322|CB 01/02 FOURNISSEUR|1116,58|0,00|||20240324||
BQ|Banque|BQ00098|20240322|468600|Charges a payer|||BQ038218|20240322|CB 01/02 FOURNISSEUR|0,00|1116,58|||20240324||
BQ|Banque|BQ00099|20240523|761000|Produits de participations|||BQ059674|20240523|OPERATION BANCAIRE 05/01|350,36|0,00|||20240526||
BQ|Banque|BQ00099|20240523|625600|Missions|||BQ059674|20240523|OPERATION BANCAIRE 05/01|0,00|350,36|||20240526||
BQ|Banque|BQ00100|20240524|602200|Achats de fournitures consommables|||BQ058183|20240524|CB 07/02 FOURNISSEUR|558,37|0,00|||20240525||
BQ|Banque|BQ00100|20240524|471000|Compte d'attente|||BQ058183|20240524|CB 07/02 FOURNISSEUR|0,00|558,37|||20240525||
BQ|Banque|BQ00101|20240913|686500|Dot. provisions pour risques et charges financiers|||BQ097825|20240913|CB 30/01 FOURNISSEUR|1449,62|0,00|||20240917||
BQ|Banque|BQ00101|20240913|444000|Etat - Impots sur les benefices|||BQ097825|20240913|CB 30/01 FOURNISSEUR|0,00|1449,62|||20240917||
BQ|Banque|BQ00102|20240702|771000|Produits exceptionnels sur operations de gestion|||BQ076201|20240702|OPERATION BANCAIRE 07/02|512,32|0,00|||20240703||
BQ|Banque|BQ00102|20240702|740000|Subventions d'exploitation|||BQ076201|20240702|OPERATION BANCAIRE 07/02|0,00|512,32|||20240703||
BQ|Banque|BQ00103|20240913|681500|Dot. provisions pour risques et charges d'exploitation|||BQ095364|20240913|CB 13/02 FOURNISSEUR|1452,74|0,00|||20240919||
BQ|Banque|BQ00103|20240913|421000|Personnel - Remunerations dues|||BQ095364|20240913|CB 13/02 FOURNISSEUR|0,00|1452,74|||20240919||
BQ|Banque|BQ00104|20240405|616000|Primes d'assurance|||BQ046723|20240405|CB 18/02 FOURNISSEUR|142,77|0,00|||20240411||
BQ|Banque|BQ00104|20240405|445660|TVA deductible sur ABS|||BQ046723|20240405|CB 18/02 FOURNISSEUR|0,00|142,77|||20240411||
BQ|Banque|BQ00105|20240219|613200|Locations immobilieres|||BQ029528|20240219|CB 20/01 FOURNISSEUR|171,89|0,00|||20240226||
BQ|Banque|BQ00105|20240219|487000|Produits constates d'avance|||BQ029528|20240219|CB 20/01 FOURNISSEUR|0,00|171,89|||20240226||
BQ|Banque|BQ00106|20241128|686500|Dot. provisions pour risques et charges financiers|||BQ115213|20241128|CB 08/02 FOURNISSEUR|1867,75|0,00|||20241202||
BQ|Banque|BQ00106|20241128|590000|Depreciation des valeurs mobilieres de placement|||BQ115213|20241128|CB 08/02 FOURNISSEUR|0,00|1867,75|||20241202||
BQ|Banque|BQ00107|20240323|781740|Reprises sur provisions sur creances|||BQ035329|20240319|OPERATION BANCAIRE 12/02|999,21|0,00|||20240324||
BQ|Banque|BQ00107|20240319|763000|Revenus des autres creances|||BQ035329|20240319|OPERATION BANCAIRE 12/02|0,00|999,21|||20240324||
BQ|Banque|BQ00108|20241213|622600|Honoraires|||BQ124580|20241213|CB 16/01 FOURNISSEUR|1110,91|0,00|||20241218||
BQ|Banque|BQ00108|20241213|411000|Clients|C00001|CLIENT ALPHA|BQ124580|20241213|CB 16/01 FOURNISSEUR|0,00|1110,91|||20241218||
BQ|Banque|BQ00109|20240322|681740|Dot. provisions sur creances|||BQ039465|20240322|CB 14/01 FOURNISSEUR|1449,81|0,00|||20240329||
BQ|Banque|BQ00109|20240322|512000|Banque principale|||BQ039465|20240322|CB 14/01 FOURNISSEUR|0,00|1449,81|||20240329||
BQ|Banque|BQ00110|20240216|691000|Participation des salaries aux resultats|||BQ023541|20240216|CB 13/02 FOURNISSEUR|148,47|0,00|||20240222||
BQ|Banque|BQ00110|20240216|445520|TVA due intracommunautaire|||BQ023541|20240216|CB 13/02 FOURNISSEUR|0,00|148,47|||20240222||
BQ|Banque|BQ00111|20240702|508000|Interets courus sur VMP|||BQ073378|20240702|VIREMENT 22/01 REF 35222099|767,93|0,00|||20240702||
BQ|Banque|BQ00111|20240702|627000|Services bancaires et assimiles|||BQ073378|20240702|VIREMENT 22/01 REF 35222099|0,00|767,93|||20240702||
BQ|Banque|BQ00112|20241206|641000|Remunerations du personnel|||BQ121631|20241206|CB 22/02 FOURNISSEUR|1239,61|0,00|||20241210||
BQ|Banque|BQ00112|20241206|425000|Personnel - Avances et acomptes|||BQ121631|20241206|CB 22/02 FOURNISSEUR|0,00|1239,61|||20241210||
BQ|Banque|BQ00113|20240503|518100|Interets courus a payer|||BQ051912|20240503|VIREMENT 06/02 REF 45031705|89,01|0,00|||20240507||
BQ|Banque|BQ00113|20240504|590000|Depreciation des valeurs mobilieres de placement|||BQ051912|20240503|VIREMENT 06/02 REF 45031705|0,00|89,01|||20240507||
BQ|Banque|BQ00114|20241217|419100|Clients - Avances et acomptes recus|||BQ126557|20241217|OPERATION BANCAIRE 25/01|396,05|0,00|||20241224||
BQ|Banque|BQ00114|20241217|691000|Participation des salaries aux resultats|||BQ126557|20241217|OPERATION BANCAIRE 25/01|0,00|396,05|||20241224||
BQ|Banque|BQ00115|20240202|625700|Receptions|||BQ024015|20240202|CB 20/02 FOURNISSEUR|267,24|0,00|||20240208||
BQ|Banque|BQ00115|20240202|511000|Valeurs a l'encaissement|||BQ024015|20240202|CB 20/02 FOURNISSEUR|0,00|267,24|||20240208||
BQ|Banque|BQ00116|20240906|720000|Production immobilisee|||BQ097168|20240906|OPERATION BANCAIRE 23/01|1111,19|0,00|||20240907||
BQ|Banque|BQ00116|20240906|681110|Dot. amort. sur immo. incorporelles|||BQ097168|20240906|OPERATION BANCAIRE 23/01|0,00|1111,19|||20240907||
BQ|Banque|BQ00117|20240624|500000|Valeurs mobilieres de placement|||BQ068010|20240624|VIREMENT 11/01 REF 71573098|507,79|0,00|||20240626||
BQ|Banque|BQ00117|20240624|654000|Pertes sur creances irrecouvrables|||BQ068010|20240624|VIREMENT 11/01 REF 71573098|0,00|507,79|||20240626||
BQ|Banque|BQ00118|20241211|611000|Sous-traitance generale|||BQ128841|20241211|CB 30/01 FOURNISSEUR|190,40|0,00|||20241215||
BQ|Banque|BQ00118|20241211|411000|Clients|C00001|CLIENT ALPHA|BQ128841|20241211|CB 30/01 FOURNISSEUR|0,00|190,40|||20241215||
BQ|Banque|BQ00119|20240726|625100|Voyages et deplacements|||BQ077347|20240726|CB 26/01 FOURNISSEUR|746,74|0,00|||20240730||
BQ|Banque|BQ00119|20240726|455000|Associes - Comptes courants|||BQ077347|20240726|CB 26/01 FOURNISSEUR|0,00|746,74|||20240730||
BQ|Banque|BQ00120|20240216|409100|Fournisseurs - Avances et acomptes verses|||BQ022132|20240216|OPERATION BANCAIRE 27/01|762,00|0,00|||20240219||
BQ|Banque|BQ00120|20240216|706000|Prestations de services|||BQ022132|20240216|OPERATION BANCAIRE 27/01|0,00|762,00|||20240219||
BQ|Banque|BQ00121|20240411|767000|Produits nets sur cessions de valeurs mobilieres de placement|||BQ046117|20240411|OPERATION BANCAIRE 07/01|1316,39|0,00|||20240416||
BQ|Banque|BQ00121|20240411|675000|Valeurs comptables des elements d'actif cedes|||BQ046117|20240411|OPERATION BANCAIRE 07/01|0,00|1316,39|||20240416||
BQ|Banque|BQ00122|20241009|781740|Reprises sur provisions sur creances|||BQ103237|20241009|OPERATION BANCAIRE 08/01|237,97|0,00|||20241011||
BQ|Banque|BQ00122|20241009|625100|Voyages et deplacements|||BQ103237|20241009|OPERATION BANCAIRE 08/01|0,00|237,97|||20241011||
BQ|Banque|BQ00123|20240613|408400|Fournisseurs d'immobilisations - Factures non parvenues|||BQ065748|20240613|OPERATION BANCAIRE 20/01|109,95|0,00|||20240620||
BQ|Banque|BQ00123|20240613|615500|Entretien et reparations sur biens mobiliers|||BQ065748|20240613|OPERATION BANCAIRE 20/01|0,00|109,95|||20240620||
BQ|Banque|BQ00124|20241025|625100|Voyages et deplacements|||BQ109072|20241025|CB 13/02 FOURNISSEUR|152,95|0,00|||20241027||
BQ|Banque|BQ00124|20241025|514000|Cheques postaux|||BQ109072|20241025|CB 13/02 FOURNISSEUR|0,00|152,95|||20241027||
BQ|Banque|BQ00125|20240223|602200|Achats de fournitures consommables|||BQ026120|20240223|CB 04/01 FOURNISSEUR|186,67|0,00|||20240301||
BQ|Banque|BQ00125|20240223|455000|Associes - Comptes courants|||BQ026120|20240223|CB 04/01 FOURNISSEUR|0,00|186,67|||20240301||
BQ|Banque|BQ00126|20240306|766000|Gains de change|||BQ032444|20240306|OPERATION BANCAIRE 15/02|444,45|0,00|||20240309||
BQ|Banque|BQ00126|20240306|671000|Charges exceptionnelles sur operations de gestion|||BQ032444|20240306|OPERATION BANCAIRE 15/02|0,00|444,45|||20240309||
BQ|Banque|BQ00127|20240306|647000|Autres charges sociales|||BQ039192|20240306|CB 03/02 FOURNISSEUR|1306,01|0,00|||20240312||
BQ|Banque|BQ00127|20240306|425000|Personnel - Avances et acomptes|||BQ039192|20240306|CB 03/02 FOURNISSEUR|0,00|1306,01|||20240312||
BQ|Banque|BQ00128|20241115|681120|Dot. amort. sur immo. corporelles|||BQ112424|20241115|CB 06/01 FOURNISSEUR|719,46|0,00|||20241116||
BQ|Banque|BQ00128|20241115|445870|TVA sur factures a etablir|||BQ112424|20241115|CB 06/01 FOURNISSEUR|0,00|719,46|||20241116||
BQ|Banque|BQ00129|20240209|648000|Autres charges de personnel|||BQ023643|20240209|CB 23/01 FOURNISSEUR|272,39|0,00|||20240215||
BQ|Banque|BQ00129|20240209|486000|Charges constatees d'avance|||BQ023643|20240209|CB 23/01 FOURNISSEUR|0,00|272,39|||20240215||
BQ|Banque|BQ00130|20240201|622700|Frais d'actes et de contentieux|||BQ026956|20240201|CB 09/01 FOURNISSEUR|1592,72|0,00|||20240203||
BQ|Banque|BQ00130|20240201|421000|Personnel - Remunerations dues|||BQ026956|20240201|CB 09/01 FOURNISSEUR|0,00|1592,72|||20240203||
BQ|Banque|BQ00131|20240507|687000|Dot. amort. et provisions exceptionnels|||CA066797|20240507|CB 01/02 FOURNISSEUR|115,08|0,00|||20240510||
BQ|Banque|BQ00131|20240507|444000|Etat - Impots sur les benefices|||BQ058828|20240507|CB 01/02 FOURNISSEUR|0,00|115,08|||20240510||
BQ|Banque|BQ00132|20240802|771000|Produits exceptionnels sur operations de gestion|||BQ088286|20240802|OPERATION BANCAIRE 16/01|1428,53|0,00|||20240802||
BQ|Banque|BQ00132|20240802|623100|Annonces et insertions|||BQ088286|20240802|OPERATION BANCAIRE 16/01|0,00|1428,53|||20240802||
BQ|Banque|BQ00133|20240503|606400|Fournitures administratives|||BQ055529|20240503|CB 25/01 FOURNISSEUR|1001,93|0,00|||20240504||
BQ|Banque|BQ00133|20240503|445510|TVA a decaisser|||BQ055529|20240503|CB 25/01 FOURNISSEUR|0,00|1001,93|||20240504||
BQ|Banque|BQ00134|20240123|658000|Charges diverses de gestion courante|||BQ016469|20240123|CB 02/01 FOURNISSEUR|470,07|0,00|||20240123||
BQ|Banque|BQ00134|20240123|445660|TVA deductible sur ABS|||BQ016469|20240123|CB 02/01 FOURNISSEUR|0,00|470,07|||20240123||
BQ|Banque|BQ00135|20241008|627000|Services bancaires et assimiles|||AC051697|20241008|CB 20/01 FOURNISSEUR|1337,79|0,00|||20241015||
BQ|Banque|BQ00135|20241008|421000|Personnel - Remunerations dues|||BQ107690|20241008|CB 20/01 FOURNISSEUR|0,00|1337,79|||20241015||
BQ|Banque|BQ00136|20240413|681500|Dot. provisions pour risques et charges d'exploitation|||BQ049399|20240412|CB 22/01 FOURNISSEUR|999,43|0,00|||20240416||
BQ|Banque|BQ00136|20240412|445620|TVA deductible sur immobilisations|||BQ049399|20240412|CB 22/01 FOURNISSEUR|0,00|999,43|||20240416||
BQ|Banque|BQ00137|20240723|615600|Maintenance|||BQ072641|20240723|CB 10/01 FOURNISSEUR|1457,00|0,00|||20240727||
BQ|Banque|BQ00137|20240723|514000|Cheques postaux|||BQ072641|20240723|CB 10/01 FOURNISSEUR|0,00|1457,00|||20240727||
BQ|Banque|BQ00138|20240115|403000|Fournisseurs - Effets a payer|||BQ019877|20240115|OPERATION BANCAIRE 11/01|33,42|0,00|||20240117||
BQ|Banque|BQ00138|20240115|642000|Remunerations des dirigeants|||BQ019877|20240115|OPERATION BANCAIRE 11/01|0,00|33,42|||20240117||
BQ|Banque|BQ00139|20240318|612000|Redevances de credit-bail|||BQ038028|20240318|CB 14/01 FOURNISSEUR|1270,72|0,00|||20240318||
BQ|Banque|BQ00139|20240318|512100|Banque secondaire|||BQ038028|20240318|CB 14/01 FOURNISSEUR|0,00|1270,72|||20240318||
BQ|Banque|BQ00140|20240319|701000|Ventes de produits finis|||BQ036016|20240319|OPERATION BANCAIRE 26/01|641,55|0,00|||20240321||
BQ|Banque|BQ00140|20240319|618100|Documentation generale|||BQ036016|20240319|OPERATION BANCAIRE 26/01|0,00|641,55|||20240321||
BQ|Banque|BQ00141|20241010|781500|Reprises sur provisions pour risques et charges d'exploitation|||BQ106812|20241010|OPERATION BANCAIRE 10/02|1066,32|0,00|||20241013||
BQ|Banque|BQ00141|20241010|740000|Subventions d'exploitation|||BQ106812|20241010|OPERATION BANCAIRE 10/02|0,00|1066,32|||20241013||
BQ|Banque|BQ00142|20240329|771000|Produits exceptionnels sur operations de gestion|||BQ039544|20240329|OPERATION BANCAIRE 08/02|1524,61|0,00|||20240402||
BQ|Banque|BQ00142|20240329|518100|Interets courus a payer|||BQ039544|20240329|OPERATION BANCAIRE 08/02|0,00|1524,61|||20240402||
BQ|Banque|BQ00143|20240617|418100|Clients - Factures a etablir|||BQ061192|20240617|OPERATION BANCAIRE 21/02|320,80|0,00|||20240618||
BQ|Banque|BQ00143|20240617|408100|Fournisseurs - Factures non parvenues|||BQ061192|20240617|OPERATION BANCAIRE 21/02|0,00|320,80|||20240618||
BQ|Banque|BQ00144|20240820|517000|Autres organismes financiers|||BQ085249|20240820|VIREMENT 02/02 REF 47894260|986,98|0,00|||20240821||
BQ|Banque|BQ00144|20240820|706000|Prestations de services|||BQ085249|20240820|VIREMENT 02/02 REF 47894260|0,00|986,98|||20240821||
BQ|Banque|BQ00145|20240207|518700|Interets courus a recevoir|||BQ028829|20240207|VIREMENT 23/01 REF 89790175|991,87|0,00|||20240207||
BQ|Banque|BQ00145|20240207|758000|Produits divers de gestion courante|||BQ028829|20240207|VIREMENT 23/01 REF 89790175|0,00|991,87|||20240207||
BQ|Banque|BQ00146|20240126|618100|Documentation generale|||BQ018373|20240126|CB 11/01 FOURNISSEUR|54,49|0,00|||20240130||
BQ|Banque|BQ00146|20240127|408400|Fournisseurs d'immobilisations - Factures non parvenues|||BQ018373|20240126|CB 11/01 FOURNISSEUR|0,00|54,49|||20240130||
BQ|Banque|BQ00147|20241123|627000|Services bancaires et assimiles|||BQ113114|20241119|CB 10/01 FOURNISSEUR|1233,55|0,00|||20241124||
BQ|Banque|BQ00147|20241119|425000|Personnel - Avances et acomptes|||BQ113114|20241119|CB 10/01 FOURNISSEUR|0,00|1233,55|||20241124||
BQ|Banque|BQ00148|20240823|517000|Autres organismes financiers|||BQ083499|20240823|VIREMENT 28/01 REF 33475334|923,07|0,00|||20240824||
BQ|Banque|BQ00148|20240823|500000|Valeurs mobilieres de placement|||BQ083499|20240823|VIREMENT 28/01 REF 33475334|0,00|923,07|||20240824||
BQ|Banque|BQ00149|20240603|419100|Clients - Avances et acomptes recus|||BQ064322|20240603|OPERATION BANCAIRE 28/01|304,81|0,00|||20240610||
BQ|Banque|BQ00149|20240603|766000|Gains de change|||BQ064322|20240603|OPERATION BANCAIRE 28/01|0,00|304,81|||20240610||
BQ|Banque|BQ00150|20240325|651000|Redevances pour concessions, brevets, licences, etc.|||BQ031319|20240325|CB 18/02 FOURNISSEUR|171,91|0,00|||20240331||
BQ|Banque|BQ00150|20240325|444000|Etat - Impots sur les benefices|||BQ031319|20240325|CB 18/02 FOURNISSEUR|0,00|171,91|||20240331||
BQ|Banque|BQ00151|20240906|631000|Impots, taxes et versements assimiles sur remunerations|||BQ093353|20240906|CB 14/02 FOURNISSEUR|1403,53|0,00|||20240906||
BQ|Banque|BQ00151|20240906|530000|Caisse|||BQ093353|20240906|CB 14/02 FOURNISSEUR|0,00|1403,53|||20240906||
BQ|Banque|BQ00152|20240726|707000|Ventes de marchandises|||BQ079057|20240726|OPERATION BANCAIRE 30/01|1383,38|0,00|||20240730||
BQ|Banque|BQ00152|20240726|761000|Produits de participations|||BQ079057|20240726|OPERATION BANCAIRE 30/01|0,00|1383,38|||20240730||
BQ|Banque|BQ00153|20241108|761000|Produits de participations|||BQ111959|20241108|OPERATION BANCAIRE 22/01|1614,89|0,00|||20241109||
BQ|Banque|BQ00153|20241108|419100|Clients - Avances et acomptes recus|||BQ111959|20241108|OPERATION BANCAIRE 22/01|0,00|1614,89|||20241109||
BQ|Banque|BQ00154|20240308|615600|Maintenance|||BQ038752|20240308|CB 24/02 FOURNISSEUR|1360,87|0,00|||20240313||
BQ|Banque|BQ00154|20240308|419100|Clients - Avances et acomptes recus|||BQ038752|20240308|CB 24/02 FOURNISSEUR|0,00|1360,87|||20240313||
BQ|Banque|BQ00155|20240913|675000|Valeurs comptables des elements d'actif cedes|||BQ098481|20240913|CB 19/02 FOURNISSEUR|1378,50|0,00|||20240919||
BQ|Banque|BQ00155|20240913|590000|Depreciation des valeurs mobilieres de placement|||BQ098481|20240913|CB 19/02 FOURNISSEUR|0,00|1378,50|||20240919||
BQ|Banque|BQ00156|20240307|658000|Charges diverses de gestion courante|||BQ031208|20240307|CB 16/02 FOURNISSEUR|1437,11|0,00|||20240313||
BQ|Banque|BQ00156|20240307|491000|Depreciation des comptes clients|||BQ031208|20240307|CB 16/02 FOURNISSEUR|0,00|1437,11|||20240313||
BQ|Banque|BQ00157|20240502|635000|Autres impots, taxes et versements assimiles|||BQ054220|20240502|CB 16/02 FOURNISSEUR|1047,28|0,00|||20240507||
BQ|Banque|BQ00157|20240502|425000|Personnel - Avances et acomptes|||BQ054220|20240502|CB 16/02 FOURNISSEUR|0,00|1047,28|||20240507||
BQ|Banque|BQ00158|20241206|517000|Autres organismes financiers|||BQ127418|20241206|VIREMENT 14/02 REF 33761868|51,02|0,00|||20241210||
BQ|Banque|BQ00158|20241206|606100|Electricite, gaz, eau|||BQ127418|20241206|VIREMENT 14/02 REF 33761868|0,00|51,02|||20241210||
BQ|Banque|BQ00159|20240315|645000|Charges de securite sociale et de prevoyance|||BQ032033|20240315|CB 09/01 FOURNISSEUR|454,62|0,00|||20240316||
BQ|Banque|BQ00159|20240315|431000|Securite sociale|||BQ032033|20240315|CB 09/01 FOURNISSEUR|0,00|454,62|||20240316||
BQ|Banque|BQ00160|20240226|771000|Produits exceptionnels sur operations de gestion|||BQ023656|20240226|OPERATION BANCAIRE 18/02|305,48|0,00|||20240226||
BQ|Banque|BQ00160|20240226|767000|Produits nets sur cessions de valeurs mobilieres de placement|||BQ023656|20240226|OPERATION BANCAIRE 18/02|0,00|305,48|||20240226||
BQ|Banque|BQ00161|20240103|761000|Produits de participations|||BQ018042|20240103|OPERATION BANCAIRE 16/02|864,02|0,00|||20240106||
BQ|Banque|BQ00161|20240103|411000|Clients|C00004|CLIENT DELTA|BQ018042|20240103|OPERATION BANCAIRE 16/02|0,00|864,02|||20240106||
BQ|Banque|BQ00162|20241219|635000|Autres impots, taxes et versements assimiles|||BQ123233|20241219|CB 15/02 FOURNISSEUR|1110,27|0,00|||20241221||
BQ|Banque|BQ00162|20241219|580000|Virements internes|||BQ123233|20241219|CB 15/02 FOURNISSEUR|0,00|1110,27|||20241221||
BQ|Banque|BQ00163|20240719|614000|Charges locatives|||BQ076078|20240719|CB 30/01 FOURNISSEUR|1453,95|0,00|||20240719||
BQ|Banque|BQ00163|20240719|451000|Groupe|||BQ076078|20240719|CB 30/01 FOURNISSEUR|0,00|1453,95|||20240719||
BQ|Banque|BQ00164|20240810|611000|Sous-traitance generale|||BQ084445|20240806|CB 24/02 FOURNISSEUR|15,53|0,00|||20240807||
BQ|Banque|BQ00164|20240806|512000|Banque principale|||BQ084445|20240806|CB 24/02 FOURNISSEUR|0,00|15,53|||20240807||
BQ|Banque|BQ00165|20240611|713000|Variation des stocks|||BQ068867|20240611|OPERATION BANCAIRE 29/01|1164,31|0,00|||20240611||
BQ|Banque|BQ00165|20240611|681500|Dot. provisions pour risques et charges d'exploitation|||BQ068867|20240611|OPERATION BANCAIRE 29/01|0,00|1164,31|||20240611||
BQ|Banque|BQ00166|20240223|797000|Transferts de charges exceptionnelles|||BQ028765|20240223|OPERATION BANCAIRE 20/02|1129,06|0,00|||20240224||
BQ|Banque|BQ00166|20240223|665000|Escomptes accordes|||BQ028765|20240223|OPERATION BANCAIRE 20/02|0,00|1129,06|||20240224||
BQ|Banque|BQ00167|20240912|765000|Escomptes obtenus|||BQ094064|20240912|OPERATION BANCAIRE 24/02|32,99|0,00|||20240912||
BQ|Banque|BQ00167|20240912|781740|Reprises sur provisions sur creances|||BQ094064|20240912|OPERATION BANCAIRE 24/02|0,00|32,99|||20240912||
BQ|Banque|BQ00168|20240614|601000|Achats de matieres premieres|||BQ067569|20240614|CB 19/01 FOURNISSEUR|63,86|0,00|||20240616||
BQ|Banque|BQ00168|20240614|416000|Clients douteux|||BQ067569|20240614|CB 19/01 FOURNISSEUR|0,00|63,86|||20240616||
BQ|Banque|BQ00169|20240222|413000|Clients - Effets a recevoir|||BQ023375|20240222|OPERATION BANCAIRE 09/02|266,39|0,00|||20240224||
BQ|Banque|BQ00169|20240222|641000|Remunerations du personnel|||BQ023375|20240222|OPERATION BANCAIRE 09/02|0,00|266,39|||20240224||
BQ|Banque|BQ00170|20240823|651000|Redevances pour concessions, brevets, licences, etc.|||BQ089611|20240823|CB 15/02 FOURNISSEUR|1261,17|0,00|||20240823||
BQ|Banque|BQ00170|20240823|427000|Personnel - Oppositions|||BQ089611|20240823|CB 15/02 FOURNISSEUR|0,00|1261,17|||20240823||
BQ|Banque|BQ00171|20240419|633000|Impots, taxes et versements assimiles sur remunerations (autres organismes)|||BQ045810|20240419|CB 12/01 FOURNISSEUR|273,01|0,00|||20240423||
BQ|Banque|BQ00171|20240419|590000|Depreciation des valeurs mobilieres de placement|||BQ045810|20240419|CB 12/01 FOURNISSEUR|0,00|273,01|||20240423||
BQ|Banque|BQ00172|20240110|500000|Valeurs mobilieres de placement|||BQ016195|20240110|VIREMENT 03/01 REF 34933700|354,08|0,00|||20240116||
BQ|Banque|BQ00172|20240110|633000|Impots, taxes et versements assimiles sur remunerations (autres organismes)|||BQ016195|20240110|VIREMENT 03/01 REF 34933700|0,00|354,08|||20240116||
BQ|Banque|BQ00173|20241223|606100|Electricite, gaz, eau|||BQ127354|20241223|CB 21/01 FOURNISSEUR|993,14|0,00|||20241223||
BQ|Banque|BQ00173|20241223|411000|Clients|C00005|CLIENT EPSILON|BQ127354|20241223|CB 21/01 FOURNISSEUR|0,00|993,14|||20241223||
BQ|Banque|BQ00174|20240530|758000|Produits divers de gestion courante|||BQ051274|20240530|OPERATION BANCAIRE 14/02|753,08|0,00|||20240606||
BQ|Banque|BQ00174|20240530|771000|Produits exceptionnels sur operations de gestion|||BQ051274|20240530|OPERATION BANCAIRE 14/02|0,00|753,08|||20240606||
BQ|Banque|BQ00175|20240913|615600|Maintenance|||BQ095128|20240913|CB 03/02 FOURNISSEUR|1209,95|0,00|||20240916||
BQ|Banque|BQ00175|20240913|491000|Depreciation des comptes clients|||BQ095128|20240913|CB 03/02 FOURNISSEUR|0,00|1209,95|||20240916||
BQ|Banque|BQ00176|20240812|701000|Ventes de produits finis|||BQ085239|20240812|OPERATION BANCAIRE 05/02|1523,75|0,00|||20240819||
BQ|Banque|BQ00176|20240812|614000|Charges locatives|||BQ085239|20240812|OPERATION BANCAIRE 05/02|0,00|1523,75|||20240819||
BQ|Banque|BQ00177|20240329|628100|Concours divers (cotisations...)|||BQ038448|20240329|CB 23/01 FOURNISSEUR|1497,36|0,00|||20240329||
BQ|Banque|BQ00177|20240329|487000|Produits constates d'avance|||BQ038448|20240329|CB 23/01 FOURNISSEUR|0,00|1497,36|||20240329||
BQ|Banque|BQ00178|20240830|681110|Dot. amort. sur immo. incorporelles|||BQ082857|20240830|CB 19/02 FOURNISSEUR|1008,40|0,00|||20240903||
BQ|Banque|BQ00178|20240830|445520|TVA due intracommunautaire|||BQ082857|20240830|CB 19/02 FOURNISSEUR|0,00|1008,40|||20240903||
BQ|Banque|BQ00179|20241002|642000|Remunerations des dirigeants|||BQ102204|20241002|CB 06/01 FOURNISSEUR|1929,48|0,00|||20241002||
BQ|Banque|BQ00179|20241002|444000|Etat - Impots sur les benefices|||BQ102204|20241002|CB 06/01 FOURNISSEUR|0,00|1929,48|||20241002||
BQ|Banque|BQ00180|20240719|607000|Achats de marchandises|||BQ079563|20240719|CB 10/01 FOURNISSEUR|1044,49|0,00|||20240722||
BQ|Banque|BQ00180|20240719|471000|Compte d'attente|||BQ079563|20240719|CB 10/01 FOURNISSEUR|0,00|1044,49|||20240722||
BQ|Banque|BQ00181|20240216|767000|Produits nets sur cessions de valeurs mobilieres de placement|||BQ024755|20240216|OPERATION BANCAIRE 07/02|318,55|0,00|||20240220||
BQ|Banque|BQ00181|20240216|625600|Missions|||BQ024755|20240216|OPERATION BANCAIRE 07/02|0,00|318,55|||20240220||
BQ|Banque|BQ00182|20240315|606300|Fournitures d'entretien et petit equipement|||BQ037171|20240315|CB 28/01 FOURNISSEUR|1839,87|0,00|||20240322||
BQ|Banque|BQ00182|20240315|418100|Clients - Factures a etablir|||BQ037171|20240315|CB 28/01 FOURNISSEUR|0,00|1839,87|||20240322||
BQ|Banque|BQ00183|20240308|631000|Impots, taxes et versements assimiles sur remunerations|||BQ039593|20240308|CB 06/01 FOURNISSEUR|1172,62|0,00|||20240308||
BQ|Banque|BQ00183|20240308|401000|Fournisseurs|F00002|TELECOM SAS|BQ039593|20240308|CB 06/01 FOURNISSEUR|0,00|1172,62|||20240308||
BQ|Banque|BQ00184|20240530|713000|Variation des stocks|||BQ059175|20240530|OPERATION BANCAIRE 27/01|1671,26|0,00|||20240530||
BQ|Banque|BQ00184|20240530|754000|Ristournes percues des cooperatives|||BQ059175|20240530|OPERATION BANCAIRE 27/01|0,00|1671,26|||20240530||
BQ|Banque|BQ00185|20240513|763000|Revenus des autres creances|||BQ055179|20240513|OPERATION BANCAIRE 24/02|1296,15|0,00|||20240519||
BQ|Banque|BQ00185|20240513|409100|Fournisseurs - Avances et acomptes verses|||BQ055179|20240513|OPERATION BANCAIRE 24/02|0,00|1296,15|||20240519||
BQ|Banque|BQ00186|20240826|514000|Cheques postaux|||BQ089846|20240826|VIREMENT 04/02 REF 21860461|413,75|0,00|||20240827||
BQ|Banque|BQ00186|20240826|666000|Pertes de change|||BQ089846|20240826|VIREMENT 04/02 REF 21860461|0,00|413,75|||20240827||
BQ|Banque|BQ00187|20240426|706000|Prestations de services|||BQ048786|20240426|OPERATION BANCAIRE 30/01|529,61|0,00|||20240429||
BQ|Banque|BQ00187|20240426|615600|Maintenance|||BQ048786|20240426|OPERATION BANCAIRE 30/01|0,00|529,61|||20240429||
BQ|Banque|BQ00188|20240927|791000|Transferts de charges d'exploitation|||BQ097064|20240927|OPERATION BANCAIRE 03/01|1381,15|0,00|||20241002||
BQ|Banque|BQ00188|20240927|658000|Charges diverses de gestion courante|||BQ097064|20240927|OPERATION BANCAIRE 03/01|0,00|1381,15|||20241002||
BQ|Banque|BQ00189|20240117|642000|Remunerations des dirigeants|||BQ011798|20240117|CB 30/01 FOURNISSEUR|208,54|0,00|||20240122||
BQ|Banque|BQ00189|20240117|441000|Etat - Impot sur les benefices|||BQ011798|20240117|CB 30/01 FOURNISSEUR|0,00|208,54|||20240122||
BQ|Banque|BQ00190|20240417|409100|Fournisseurs - Avances et acomptes verses|||BQ042905|20240417|OPERATION BANCAIRE 09/01|988,50|0,00|||20240423||
BQ|Banque|BQ00190|20240417|602260|Achats d'emballages|||BQ042905|20240417|OPERATION BANCAIRE 09/01|0,00|988,50|||20240423||
BQ|Banque|BQ00191|20240314|758000|Produits divers de gestion courante|||BQ035052|20240314|OPERATION BANCAIRE 13/02|1374,85|0,00|||20240315||
BQ|Banque|BQ00191|20240314|681500|Dot. provisions pour risques et charges d'exploitation|||BQ035052|20240314|OPERATION BANCAIRE 13/02|0,00|1374,85|||20240315||
BQ|Banque|BQ00192|20240521|615200|Entretien et reparations sur biens immobiliers|||BQ055669|20240521|CB 15/01 FOURNISSEUR|825,91|0,00|||20240523||
BQ|Banque|BQ00192|20240521|445710|TVA collectee a payer|||BQ055669|20240521|CB 15/01 FOURNISSEUR|0,00|825,91|||20240523||
BQ|Banque|BQ00193|20240606|664000|Pertes sur cessions de valeurs mobilieres de placement|||BQ067297|20240606|CB 04/02 FOURNISSEUR|1535,36|0,00|||20240613||
BQ|Banque|BQ00193|20240606|445510|TVA a decaisser|||BQ067297|20240606|CB 04/02 FOURNISSEUR|0,00|1535,36|||20240613||
BQ|Banque|BQ00194|20241217|508000|Interets courus sur VMP|||BQ124673|20241217|VIREMENT 09/01 REF 41842064|930,49|0,00|||20241219||
BQ|Banque|BQ00194|20241217|623400|Cadeaux a la clientele|||BQ124673|20241217|VIREMENT 09/01 REF 41842064|0,00|930,49|||20241219||
BQ|Banque|BQ00195|20240821|762000|Produits des autres immobilisations financieres|||BQ086981|20240821|OPERATION BANCAIRE 29/01|1191,50|0,00|||20240824||
BQ|Banque|BQ00195|20240821|408400|Fournisseurs d'immobilisations - Factures non parvenues|||BQ086981|20240821|OPERATION BANCAIRE 29/01|0,00|1191,50|||20240824||
BQ|Banque|BQ00196|20240708|621000|Personnel exterieur a l'entreprise|||BQ071310|20240708|CB 10/01 FOURNISSEUR|119,90|0,00|||20240710||
BQ|Banque|BQ00196|20240708|512100|Banque secondaire|||BQ071310|20240708|CB 10/01 FOURNISSEUR|0,00|119,90|||20240710||
BQ|Banque|BQ00197|20240805|740000|Subventions d'exploitation|||BQ082402|20240805|OPERATION BANCAIRE 19/01|1896,95|0,00|||20240812||
BQ|Banque|BQ00197|20240805|641000|Remunerations du personnel|||BQ082402|20240805|OPERATION BANCAIRE 19/01|0,00|1896,95|||20240812||
BQ|Banque|BQ00198|20240223|798000|Integration fiscale - Produits|||BQ028787|20240223|OPERATION BANCAIRE 09/02|804,23|0,00|||20240229||
BQ|Banque|BQ00198|20240223|797000|Transferts de charges exceptionnelles|||BQ028787|20240223|OPERATION BANCAIRE 09/02|0,00|804,23|||20240229||
BQ|Banque|BQ00199|20240628|701000|Ventes de produits finis|||BQ068350|20240628|OPERATION BANCAIRE 25/01|1286,65|0,00|||20240701||
BQ|Banque|BQ00199|20240628|797000|Transferts de charges exceptionnelles|||BQ068350|20240628|OPERATION BANCAIRE 25/01|0,00|1286,65|||20240701||
BQ|Banque|BQ00200|20240105|771000|Produits exceptionnels sur operations de gestion|||BQ017612|20240105|OPERATION BANCAIRE 18/02|1588,80|0,00|||20240107||
BQ|Banque|BQ00200|20240105|613200|Locations immobilieres|||BQ017612|20240105|OPERATION BANCAIRE 18/02|0,00|1588,80|||20240107||
BQ|Banque|BQ00201|20240109|607000|Achats de marchandises|||BQ011395|20240109|CB 28/01 FOURNISSEUR|100,10|0,00|||20240116||
BQ|Banque|BQ00201|20240109|421000|Personnel - Remunerations dues|||BQ011395|20240109|CB 28/01 FOURNISSEUR|0,00|100,10|||20240116||
BQ|Banque|BQ00202|20240517|401000|Fournisseurs|F00003|FOURNITURES BUREAU DIRECT|BQ059978|20240517|OPERATION BANCAIRE 17/01|7301,92|0,00|||20240521||
BQ|Banque|BQ00202|20240517|518700|Interets courus a recevoir|||BQ059978|20240517|OPERATION BANCAIRE 17/01|0,00|7301,92|||20240521||
BQ|Banque|BQ00203|20240731|671000|Charges exceptionnelles sur operations de gestion|||BQ073462|20240731|CB 22/02 FOURNISSEUR|106,24|0,00|||20240806||
BQ|Banque|BQ00203|20240731|451000|Groupe|||BQ073462|20240731|CB 22/02 FOURNISSEUR|0,00|106,24|||20240806||
BQ|Banque|BQ00204|20241206|418100|Clients - Factures a etablir|||BQ125682|20241206|OPERATION BANCAIRE 14/01|929,09|0,00|||20241207||
BQ|Banque|BQ00204|20241207|613500|Locations mobilieres|||BQ125682|20241206|OPERATION BANCAIRE 14/01|0,00|929,09|||20241207||
BQ|Banque|BQ00205|20240712|618500|Frais de colloques, seminaires, conferences|||BQ073542|20240712|CB 14/02 FOURNISSEUR|1974,94|0,00|||20240716||
BQ|Banque|BQ00205|20240712|411000|Clients|C00010|CLIENT KAPPA|BQ073542|20240712|CB 14/02 FOURNISSEUR|0,00|1974,94|||20240716||
BQ|Banque|BQ00206|20240524|661000|Charges d'interets|||BQ054060|20240524|CB 05/01 FOURNISSEUR|795,49|0,00|||20240528||
BQ|Banque|BQ00206|20240525|500000|Valeurs mobilieres de placement|||BQ054060|20240524|CB 05/01 FOURNISSEUR|0,00|795,49|||20240528||
CA|Caisse|CA00001|20240716|311000|Matieres premieres|||CA078952|20240716|OPERATION DIVERSE 10/02/2025|143,39|0,00|||20240719||
CA|Caisse|CA00001|20240716|281540|Amort. materiel industriel|||CA078952|20240716|OPERATION DIVERSE 10/02/2025|0,00|143,39|||20240719||
CA|Caisse|CA00002|20240213|764000|Revenus des valeurs mobilieres de placement|||CA027586|20240213|OPERATION DIVERSE 18/01/2025|355,54|0,00|||20240215||
CA|Caisse|CA00002|20240213|281810|Amort. installations generales|||CA027586|20240213|OPERATION DIVERSE 18/01/2025|0,00|355,54|||20240215||
CA|Caisse|CA00003|20241227|427000|Personnel - Oppositions|||CA128760|20241227|OPERATION DIVERSE 21/02/2025|441,01|0,00|||20241231||
CA|Caisse|CA00003|20241227|633000|Impots, taxes et versements assimiles sur remunerations (autres organismes)|||CA128760|20241227|OPERATION DIVERSE 21/02/2025|0,00|441,01|||20241231||
CA|Caisse|CA00004|20240108|427000|Personnel - Oppositions|||CA012228|20240108|OPERATION DIVERSE 28/01/2025|599,00|0,00|||20240115||
CA|Caisse|CA00004|20240108|786500|Reprises sur provisions pour risques et charges financiers|||CA012228|20240108|OPERATION DIVERSE 28/01/2025|0,00|599,00|||20240115||
CA|Caisse|CA00005|20240315|606300|Fournitures d'entretien et petit equipement|||CA037031|20240315|OPERATION DIVERSE 04/02/2025|276,54|0,00|||20240315||
CA|Caisse|CA00005|20240315|491000|Depreciation des comptes clients|||CA037031|20240315|OPERATION DIVERSE 04/02/2025|0,00|276,54|||20240315||
CA|Caisse|CA00006|20240329|777000|Quote-part des subventions d'investissement viree au resultat|||CA032363|20240329|OPERATION DIVERSE 15/02/2025|961,47|0,00|||20240402||
CA|Caisse|CA00006|20240329|626000|Frais postaux et de telecommunications|||CA032363|20240329|OPERATION DIVERSE 15/02/2025|0,00|961,47|||20240402||
CA|Caisse|CA00007|20240916|602200|Achats de fournitures consommables|||CA093779|20240916|OPERATION DIVERSE 11/01/2025|1361,62|0,00|||20240916||
CA|Caisse|CA00007|20240916|445660|TVA deductible sur ABS|||CA093779|20240916|OPERATION DIVERSE 11/01/2025|0,00|1361,62|||20240916||
CA|Caisse|CA00008|20240712|681110|Dot. amort. sur immo. incorporelles|||CA072918|20240712|OPERATION DIVERSE 07/01/2025|475,32|0,00|||20240716||
CA|Caisse|CA00008|20240712|444000|Etat - Impots sur les benefices|||CA072918|20240712|OPERATION DIVERSE 07/01/2025|0,00|475,32|||20240716||
CA|Caisse|CA00009|20240715|767000|Produits nets sur cessions de valeurs mobilieres de placement|||CA073409|20240715|OPERATION DIVERSE 30/01/2025|474,74|0,00|||20240721||
CA|Caisse|CA00009|20240715|408400|Fournisseurs d'immobilisations - Factures non parvenues|||CA073409|20240715|OPERATION DIVERSE 30/01/2025|0,00|474,74|||20240721||
CA|Caisse|CA00010|20241021|218300|Materiel de bureau et informatique|||CA104502|20241021|OPERATION DIVERSE 21/01/2025|3655,14|0,00|||20241022||
CA|Caisse|CA00010|20241021|512100|Banque secondaire|||CA104502|20241021|OPERATION DIVERSE 21/01/2025|0,00|3655,14|||20241022||
CA|Caisse|CA00011|20240607|602200|Achats de fournitures consommables|||CA061381|20240607|OPERATION DIVERSE 03/01/2025|66,47|0,00|||20240608||
CA|Caisse|CA00011|20240607|421000|Personnel - Remunerations dues|||CA061381|20240607|OPERATION DIVERSE 03/01/2025|0,00|66,47|||20240608||
CA|Caisse|CA00012|20240719|213100|Constructions - Batiments|||CA074259|20240719|OPERATION DIVERSE 24/02/2025|10400,65|0,00|||20240724||
CA|Caisse|CA00012|20240719|404000|Fournisseurs d'immobilisations|||CA074259|20240719|OPERATION DIVERSE 24/02/2025|0,00|10400,65|||20240724||
CA|Caisse|CA00013|20240913|467000|Autres comptes debiteurs ou crediteurs|||CA097642|20240913|OPERATION DIVERSE 05/01/2025|388,07|0,00|||20240914||
CA|Caisse|CA00013|20240913|686500|Dot. provisions pour risques et charges financiers|||CA097642|20240913|OPERATION DIVERSE 05/01/2025|0,00|388,07|||20240914||
CA|Caisse|CA00014|20240830|615500|Entretien et reparations sur biens mobiliers|||CA086893|20240830|OPERATION DIVERSE 14/02/2025|1408,66|0,00|||20240906||
CA|Caisse|CA00014|20240830|518700|Interets courus a recevoir|||CA086893|20240830|OPERATION DIVERSE 14/02/2025|0,00|1408,66|||20240906||
CA|Caisse|CA00015|20240308|625700|Receptions|||CA035625|20240308|OPERATION DIVERSE 12/01/2025|1369,12|0,00|||20240313||
CA|Caisse|CA00015|20240308|445860|TVA sur factures non parvenues|||CA035625|20240308|OPERATION DIVERSE 12/01/2025|0,00|1369,12|||20240313||
CA|Caisse|CA00016|20240807|765000|Escomptes obtenus|||CA086786|20240807|OPERATION DIVERSE 26/01/2025|990,21|0,00|||20240811||
CA|Caisse|CA00016|20240807|642000|Remunerations des dirigeants|||CA086786|20240807|OPERATION DIVERSE 26/01/2025|0,00|990,21|||20240811||
CA|Caisse|CA00017|20240124|355000|Produits finis (groupe)|||CA014279|20240124|OPERATION DIVERSE 18/01/2025|507,00|0,00|||20240124||
CA|Caisse|CA00017|20240124|512100|Banque secondaire|||CA014279|20240124|OPERATION DIVERSE 18/01/2025|0,00|507,00|||20240124||
CA|Caisse|CA00018|20240819|428200|Personnel - Conges payes|||CA083738|20240819|OPERATION DIVERSE 20/01/2025|301,50|0,00|||20240819||
CA|Caisse|CA00018|20240819|664000|Pertes sur cessions de valeurs mobilieres de placement|||CA083738|20240819|OPERATION DIVERSE 20/01/2025|0,00|301,50|||20240819||
CA|Caisse|CA00019|20240906|775000|Produits des cessions d'elements d'actif|||CA093456|20240906|OPERATION DIVERSE 09/02/2025|672,17|0,00|||20240912||
CA|Caisse|CA00019|20240906|409100|Fournisseurs - Avances et acomptes verses|||CA093456|20240906|OPERATION DIVERSE 09/02/2025|0,00|672,17|||20240912||
CA|Caisse|CA00020|20240607|740000|Subventions d'exploitation|||CA062956|20240607|OPERATION DIVERSE 20/01/2025|1220,89|0,00|||20240611||
CA|Caisse|CA00020|20240607|211000|Terrains|||CA062956|20240607|OPERATION DIVERSE 20/01/2025|0,00|1220,89|||20240611||
CA|Caisse|CA00021|20240712|701000|Ventes de produits finis|||CA077443|20240712|OPERATION DIVERSE 03/01/2025|803,21|0,00|||20240714||
CA|Caisse|CA00021|20240712|628100|Concours divers (cotisations...)|||CA077443|20240712|OPERATION DIVERSE 03/01/2025|0,00|803,21|||20240714||
CA|Caisse|CA00022|20241121|445860|TVA sur factures non parvenues|||CA119188|20241121|OPERATION DIVERSE 07/01/2025|459,63|0,00|||20241123||
CA|Caisse|CA00022|20241121|281820|Amort. materiel de transport|||CA119188|20241121|OPERATION DIVERSE 07/01/2025|0,00|459,63|||20241123||
CA|Caisse|CA00023|20240322|664000|Pertes sur cessions de valeurs mobilieres de placement|||CA031146|20240322|OPERATION DIVERSE 21/02/2025|752,65|0,00|||20240324||
CA|Caisse|CA00023|20240322|491000|Depreciation des comptes clients|||CA031146|20240322|OPERATION DIVERSE 21/02/2025|0,00|752,65|||20240324||
CA|Caisse|CA00024|20240911|635000|Autres impots, taxes et versements assimiles|||CA091393|20240911|OPERATION DIVERSE 11/02/2025|476,84|0,00|||20240911||
CA|Caisse|CA00024|20240911|445670|TVA collectee|||CA091393|20240911|OPERATION DIVERSE 11/02/2025|0,00|476,84|||20240911||
CA|Caisse|CA00025|20240513|631000|Impots, taxes et versements assimiles sur remunerations|||CA058766|20240513|OPERATION DIVERSE 10/02/2025|1003,23|0,00|||20240519||
CA|Caisse|CA00025|20240513|445860|TVA sur factures non parvenues|||CA058766|20240513|OPERATION DIVERSE 10/02/2025|0,00|1003,23|||20240519||
CA|Caisse|CA00026|20240329|218400|Mobilier|||CA035284|20240329|OPERATION DIVERSE 08/02/2025|2350,80|0,00|||20240403||
CA|Caisse|CA00026|20240329|404000|Fournisseurs d'immobilisations|||CA035284|20240329|OPERATION DIVERSE 08/02/2025|0,00|2350,80|||20240403||
CA|Caisse|CA00027|20240311|602200|Achats de fournitures consommables|||CA035508|20240311|OPERATION DIVERSE 23/02/2025|1489,93|0,00|||20240313||
CA|Caisse|CA00027|20240311|514000|Cheques postaux|||CA035508|20240311|OPERATION DIVERSE 23/02/2025|0,00|1489,93|||20240313||
CA|Caisse|CA00028|20241220|765000|Escomptes obtenus|||CA129998|20241220|OPERATION DIVERSE 08/01/2025|1270,35|0,00|||20241224||
CA|Caisse|CA00028|20241220|444000|Etat - Impots sur les benefices|||CA129998|20241220|OPERATION DIVERSE 08/01/2025|0,00|1270,35|||20241224||
CA|Caisse|CA00029|20240823|762000|Produits des autres immobilisations financieres|||CA083709|20240823|OPERATION DIVERSE 09/02/2025|563,06|0,00|||20240829||
CA|Caisse|CA00029|20240823|427000|Personnel - Oppositions|||CA083709|20240823|OPERATION DIVERSE 09/02/2025|0,00|563,06|||20240829||
CA|Caisse|CA00030|20240815|695000|Impots sur les benefices|||CA089303|20240815|OPERATION DIVERSE 05/02/2025|632,99|0,00|||20240822||
CA|Caisse|CA00030|20240815|445710|TVA collectee a payer|||CA089303|20240815|OPERATION DIVERSE 05/02/2025|0,00|632,99|||20240822||
CA|Caisse|CA00031|20240809|666000|Pertes de change|||CA082056|20240809|OPERATION DIVERSE 30/01/2025|1165,94|0,00|||20240814||
CA|Caisse|CA00031|20240809|517000|Autres organismes financiers|||CA082056|20240809|OPERATION DIVERSE 30/01/2025|0,00|1165,94|||20240814||
CA|Caisse|CA00032|20241031|445870|TVA sur factures a etablir|||CA103612|20241031|OPERATION DIVERSE 12/02/2025|167,49|0,00|||20241102||
CA|Caisse|CA00032|20241031|761000|Produits de participations|||CA103612|20241031|OPERATION DIVERSE 12/02/2025|0,00|167,49|||20241102||
CA|Caisse|CA00033|20240910|487000|Produits constates d'avance|||CA096427|20240910|OPERATION DIVERSE 16/02/2025|751,74|0,00|||20240916||
CA|Caisse|CA00033|20240910|635000|Autres impots, taxes et versements assimiles|||CA096427|20240910|OPERATION DIVERSE 16/02/2025|0,00|751,74|||20240916||
CA|Caisse|CA00034|20241108|613500|Locations mobilieres|||CA112306|20241108|OPERATION DIVERSE 05/01/2025|1420,37|0,00|||20241114||
CA|Caisse|CA00034|20241108|451000|Groupe|||CA112306|20241108|OPERATION DIVERSE 05/01/2025|0,00|1420,37|||20241114||
CA|Caisse|CA00035|20240701|642000|Remunerations des dirigeants|||CA074280|20240701|OPERATION DIVERSE 08/01/2025|1109,14|0,00|||20240705||
CA|Caisse|CA00035|20240701|514000|Cheques postaux|||CA074280|20240701|OPERATION DIVERSE 08/01/2025|0,00|1109,14|||20240705||
CA|Caisse|CA00036|20241001|791000|Transferts de charges d'exploitation|||CA108604|20241001|OPERATION DIVERSE 16/01/2025|1429,39|0,00|||20241002||
CA|Caisse|CA00036|20241001|231000|Immobilisations corporelles en cours|||CA108604|20241001|OPERATION DIVERSE 16/01/2025|0,00|1429,39|||20241002||
CA|Caisse|CA00037|20240426|218100|Installations generales, agencements divers|||CA044676|20240426|OPERATION DIVERSE 06/01/2025|17725,59|0,00|||20240502||
CA|Caisse|CA00037|20240426|404000|Fournisseurs d'immobilisations|||CA044676|20240426|OPERATION DIVERSE 06/01/2025|0,00|17725,59|||20240502||
CA|Caisse|CA00038|20240620|165000|Depots et cautionnements recus|||CA063950|20240620|OPERATION DIVERSE 07/01/2025|351,42|0,00|||20240627||
CA|Caisse|CA00038|20240620|647000|Autres charges sociales|||CA063950|20240620|OPERATION DIVERSE 07/01/2025|0,00|351,42|||20240627||
CA|Caisse|CA00039|20241011|419100|Clients - Avances et acomptes recus|||CA109172|20241011|OPERATION DIVERSE 24/01/2025|271,53|0,00|||20241013||
CA|Caisse|CA00039|20241011|621000|Personnel exterieur a l'entreprise|||CA109172|20241011|OPERATION DIVERSE 24/01/2025|0,00|271,53|||20241013||
CA|Caisse|CA00040|20241230|281830|Amort. materiel de bureau|||CA128840|20241230|OPERATION DIVERSE 24/02/2025|6158,32|0,00|||20241230||
CA|Caisse|CA00040|20241230|512000|Banque principale|||CA128840|20241230|OPERATION DIVERSE 24/02/2025|0,00|6158,32|||20241230||
CA|Caisse|CA00041|20240101|665000|Escomptes accordes|||CA014642|20240101|OPERATION DIVERSE 10/01/2025|1856,21|0,00|||20240105||
CA|Caisse|CA00041|20240101|419100|Clients - Avances et acomptes recus|||CA014642|20240101|OPERATION DIVERSE 10/01/2025|0,00|1856,21|||20240105||
CA|Caisse|CA00042|20240710|451000|Groupe|||CA071384|20240710|OPERATION DIVERSE 18/02/2025|613,14|0,00|||20240713||
CA|Caisse|CA00042|20240710|627000|Services bancaires et assimiles|||CA071384|20240710|OPERATION DIVERSE 18/02/2025|0,00|613,14|||20240713||
CA|Caisse|CA00043|20241129|201000|Frais d'etablissement|||CA116090|20241129|OPERATION DIVERSE 25/01/2025|14113,51|0,00|||20241203||
CA|Caisse|CA00043|20241129|512100|Banque secondaire|||CA116090|20241129|OPERATION DIVERSE 25/01/2025|0,00|14113,51|||20241203||
CA|Caisse|CA00044|20240905|798000|Integration fiscale - Produits|||CA096741|20240905|OPERATION DIVERSE 13/02/2025|1642,95|0,00|||20240906||
CA|Caisse|CA00044|20240905|370000|Marchandises|||CA096741|20240905|OPERATION DIVERSE 13/02/2025|0,00|1642,95|||20240906||
CA|Caisse|CA00045|20240705|517000|Autres organismes financiers|||CA077582|20240705|OPERATION DIVERSE 20/02/2025|39,90|0,00|||20240711||
CA|Caisse|CA00045|20240705|467000|Autres comptes debiteurs ou crediteurs|||CA077582|20240705|OPERATION DIVERSE 20/02/2025|0,00|39,90|||20240711||
CA|Caisse|CA00046|20240301|681500|Dot. provisions pour risques et charges d'exploitation|||CA033557|20240301|OPERATION DIVERSE 13/02/2025|1019,00|0,00|||20240308||
CA|Caisse|CA00046|20240301|428200|Personnel - Conges payes|||CA033557|20240301|OPERATION DIVERSE 13/02/2025|0,00|1019,00|||20240308||
CA|Caisse|CA00047|20240603|786500|Reprises sur provisions pour risques et charges financiers|||CA069116|20240603|OPERATION DIVERSE 03/02/2025|1923,49|0,00|||20240605||
CA|Caisse|CA00047|20240603|621000|Personnel exterieur a l'entreprise|||CA069116|20240603|OPERATION DIVERSE 03/02/2025|0,00|1923,49|||20240605||
CA|Caisse|CA00048|20241105|397100|Depreciation des stocks de marchandises|||CA116538|20241105|OPERATION DIVERSE 07/01/2025|67,73|0,00|||20241109||
CA|Caisse|CA00048|20241105|615200|Entretien et reparations sur biens immobiliers|||CA116538|20241105|OPERATION DIVERSE 07/01/2025|0,00|67,73|||20241109||
CA|Caisse|CA00049|20240108|281810|Amort. installations generales|||CA018682|20240108|OPERATION DIVERSE 27/01/2025|16200,28|0,00|||20240111||
CA|Caisse|CA00049|20240108|512000|Banque principale|||CA018682|20240108|OPERATION DIVERSE 27/01/2025|0,00|16200,28|||20240111||
CA|Caisse|CA00050|20241115|758000|Produits divers de gestion courante|||CA113277|20241115|OPERATION DIVERSE 21/02/2025|1962,88|0,00|||20241121||
CA|Caisse|CA00050|20241115|786500|Reprises sur provisions pour risques et charges financiers|||CA113277|20241115|OPERATION DIVERSE 21/02/2025|0,00|1962,88|||20241121||
CA|Caisse|CA00051|20240319|397100|Depreciation des stocks de marchandises|||CA035035|20240319|OPERATION DIVERSE 15/02/2025|433,22|0,00|||20240322||
CA|Caisse|CA00051|20240319|468600|Charges a payer|||CA035035|20240319|OPERATION DIVERSE 15/02/2025|0,00|433,22|||20240322||
CA|Caisse|CA00052|20240509|445710|TVA collectee a payer|||CA057911|20240509|OPERATION DIVERSE 24/02/2025|391,56|0,00|||20240514||
CA|Caisse|CA00052|20240509|421000|Personnel - Remunerations dues|||CA057911|20240509|OPERATION DIVERSE 24/02/2025|0,00|391,56|||20240514||
CA|Caisse|CA00053|20240419|517000|Autres organismes financiers|||CA045987|20240419|OPERATION DIVERSE 16/01/2025|681,50|0,00|||20240419||
CA|Caisse|CA00053|20240419|512100|Banque secondaire|||CA045987|20240419|OPERATION DIVERSE 16/01/2025|0,00|681,50|||20240419||
CA|Caisse|CA00054|20240322|281840|Amort. mobilier|||CA035693|20240322|OPERATION DIVERSE 07/02/2025|19355,67|0,00|||20240323||
CA|Caisse|CA00054|20240322|512100|Banque secondaire|||CA035693|20240322|OPERATION DIVERSE 07/02/2025|0,00|19355,67|||20240323||
CA|Caisse|CA00055|20240115|713000|Variation des stocks|||CA014807|20240115|OPERATION DIVERSE 24/02/2025|1803,70|0,00|||20240116||
CA|Caisse|CA00055|20240115|623100|Annonces et insertions|||CA014807|20240115|OPERATION DIVERSE 24/02/2025|0,00|1803,70|||20240116||
CA|Caisse|CA00056|20240413|707000|Ventes de marchandises|||CA045388|20240410|OPERATION DIVERSE 19/01/2025|21,81|0,00|||20240411||
CA|Caisse|CA00056|20240410|606400|Fournitures administratives|||CA045388|20240410|OPERATION DIVERSE 19/01/2025|0,00|21,81|||20240411||
CA|Caisse|CA00057|20240223|207000|Fonds commercial|||CA025223|20240223|OPERATION DIVERSE 01/01/2025|4999,03|0,00|||20240225||
CA|Caisse|CA00057|20240223|512100|Banque secondaire|||CA025223|20240223|OPERATION DIVERSE 01/01/2025|0,00|4999,03|||20240225||
CA|Caisse|CA00058|20240916|280500|Amort. logiciels|||CA093916|20240916|OPERATION DIVERSE 10/01/2025|13815,06|0,00|||20240919||
CA|Caisse|CA00058|20240916|512100|Banque secondaire|||CA093916|20240916|OPERATION DIVERSE 10/01/2025|0,00|13815,06|||20240919||
CA|Caisse|CA00059|20240816|511000|Valeurs a l'encaissement|||CA086829|20240816|OPERATION DIVERSE 18/01/2025|903,50|0,00|||20240821||
CA|Caisse|CA00059|20240816|775000|Produits des cessions d'elements d'actif|||CA086829|20240816|OPERATION DIVERSE 18/01/2025|0,00|903,50|||20240821||
CA|Caisse|CA00060|20241004|764000|Revenus des valeurs mobilieres de placement|||CA105415|20241004|OPERATION DIVERSE 14/02/2025|755,00|0,00|||20241008||
CA|Caisse|CA00060|20241004|708500|Ports et frais accessoires factures|||CA105415|20241004|OPERATION DIVERSE 14/02/2025|0,00|755,00|||20241008||
CA|Caisse|CA00061|20241225|614000|Charges locatives|||CA122628|20241225|OPERATION DIVERSE 24/02/2025|1805,42|0,00|||20241228||
CA|Caisse|CA00061|20241225|408100|Fournisseurs - Factures non parvenues|||CA122628|20241225|OPERATION DIVERSE 24/02/2025|0,00|1805,42|||20241228||
CA|Caisse|CA00062|20240913|231000|Immobilisations corporelles en cours|||CA092672|20240913|OPERATION DIVERSE 17/01/2025|3212,19|0,00|||20240920||
CA|Caisse|CA00062|20240913|512000|Banque principale|||CA092672|20240913|OPERATION DIVERSE 17/01/2025|0,00|3212,19|||20240920||
CA|Caisse|CA00063|20240216|425000|Personnel - Avances et acomptes|||CA027114|20240216|OPERATION DIVERSE 21/01/2025|200,67|0,00|||20240222||
CA|Caisse|CA00063|20240216|512100|Banque secondaire|||CA027114|20240216|OPERATION DIVERSE 21/01/2025|0,00|200,67|||20240222||
CA|Caisse|CA00064|20240126|205000|Logiciels|||CA016584|20240126|OPERATION DIVERSE 26/01/2025|19841,77|0,00|||20240131||
CA|Caisse|CA00064|20240126|512100|Banque secondaire|||CA016584|20240126|OPERATION DIVERSE 26/01/2025|0,00|19841,77|||20240131||
CA|Caisse|CA00065|20241225|765000|Escomptes obtenus|||CA123080|20241225|OPERATION DIVERSE 11/02/2025|1671,40|0,00|||20241227||
CA|Caisse|CA00065|20241225|580000|Virements internes|||CA123080|20241225|OPERATION DIVERSE 11/02/2025|0,00|1671,40|||20241227||
CA|Caisse|CA00066|20240409|500000|Valeurs mobilieres de placement|||CA049805|20240409|OPERATION DIVERSE 10/02/2025|977,56|0,00|||20240415||
CA|Caisse|CA00066|20240409|625600|Missions|||CA049805|20240409|OPERATION DIVERSE 10/02/2025|0,00|977,56|||20240415||
CA|Caisse|CA00067|20240301|447100|Autres impots, taxes et versements assimiles|||CA036095|20240301|OPERATION DIVERSE 27/01/2025|781,88|0,00|||20240307||
CA|Caisse|CA00067|20240301|615600|Maintenance|||CA036095|20240301|OPERATION DIVERSE 27/01/2025|0,00|781,88|||20240307||
CA|Caisse|CA00068|20240201|427000|Personnel - Oppositions|||CA029536|20240201|OPERATION DIVERSE 12/02/2025|184,92|0,00|||20240202||
CA|Caisse|CA00068|20240201|631000|Impots, taxes et versements assimiles sur remunerations|||CA029536|20240201|OPERATION DIVERSE 12/02/2025|0,00|184,92|||20240202||
CA|Caisse|CA00069|20240123|321000|Matieres consommables|||CA019556|20240123|OPERATION DIVERSE 24/01/2025|629,13|0,00|||20240129||
CA|Caisse|CA00069|20240123|418100|Clients - Factures a etablir|||CA019556|20240123|OPERATION DIVERSE 24/01/2025|0,00|629,13|||20240129||
CA|Caisse|CA00070|20240911|419100|Clients - Avances et acomptes recus|||CA091902|20240911|OPERATION DIVERSE 16/02/2025|477,40|0,00|||20240915||
CA|Caisse|CA00070|20240911|437000|Autres organismes sociaux|||CA091902|20240911|OPERATION DIVERSE 16/02/2025|0,00|477,40|||20240915||
CA|Caisse|CA00071|20240123|486000|Charges constatees d'avance|||CA016988|20240123|OPERATION DIVERSE 20/02/2025|192,28|0,00|||20240129||
CA|Caisse|CA00071|20240123|698000|Integration fiscale - Charges|||CA016988|20240123|OPERATION DIVERSE 20/02/2025|0,00|192,28|||20240129||
CA|Caisse|CA00072|20241004|471000|Compte d'attente|||CA106432|20241004|OPERATION DIVERSE 22/02/2025|161,51|0,00|||20241007||
CA|Caisse|CA00072|20241004|622600|Honoraires|||CA106432|20241004|OPERATION DIVERSE 22/02/2025|0,00|161,51|||20241007||
CA|Caisse|CA00073|20241017|215400|Materiel industriel|||CA103210|20241017|OPERATION DIVERSE 10/02/2025|17778,68|0,00|||20241017||
CA|Caisse|CA00073|20241017|404000|Fournisseurs d'immobilisations|||CA103210|20241017|OPERATION DIVERSE 10/02/2025|0,00|17778,68|||20241017||
CA|Caisse|CA00074|20241206|165000|Depots et cautionnements recus|||CA127938|20241206|OPERATION DIVERSE 02/02/2025|465,39|0,00|||20241207||
CA|Caisse|CA00074|20241206|645000|Charges de securite sociale et de prevoyance|||CA127938|20241206|OPERATION DIVERSE 02/02/2025|0,00|465,39|||20241207||
CA|Caisse|CA00075|20241025|438200|Charges sociales sur conges a payer|||CA102160|20241025|OPERATION DIVERSE 03/02/2025|206,44|0,00|||20241028||
CA|Caisse|CA00075|20241025|590000|Depreciation des valeurs mobilieres de placement|||CA102160|20241025|OPERATION DIVERSE 03/02/2025|0,00|206,44|||20241028||
CA|Caisse|CA00076|20240228|797000|Transferts de charges exceptionnelles|||CA029222|20240228|OPERATION DIVERSE 04/01/2025|848,57|0,00|||20240228||
CA|Caisse|CA00076|20240228|675000|Valeurs comptables des elements d'actif cedes|||CA029222|20240228|OPERATION DIVERSE 04/01/2025|0,00|848,57|||20240228||
CA|Caisse|CA00077|20240329|622600|Honoraires|||CA035915|20240329|OPERATION DIVERSE 01/02/2025|1656,85|0,00|||20240401||
CA|Caisse|CA00077|20240329|445510|TVA a decaisser|||CA035915|20240329|OPERATION DIVERSE 01/02/2025|0,00|1656,85|||20240401||
CA|Caisse|CA00078|20240209|706000|Prestations de services|||CA026034|20240209|OPERATION DIVERSE 22/02/2025|1985,17|0,00|||20240216||
CA|Caisse|CA00078|20240209|691000|Participation des salaries aux resultats|||CA026034|20240209|OPERATION DIVERSE 22/02/2025|0,00|1985,17|||20240216||
CA|Caisse|CA00079|20240820|151000|Provisions pour risques|||CA088430|20240820|OPERATION DIVERSE 28/01/2025|978,77|0,00|||20240820||
CA|Caisse|CA00079|20240820|635000|Autres impots, taxes et versements assimiles|||CA088430|20240820|OPERATION DIVERSE 28/01/2025|0,00|978,77|||20240820||
CA|Caisse|CA00080|20240925|740000|Subventions d'exploitation|||CA091291|20240925|OPERATION DIVERSE 10/01/2025|968,07|0,00|||20240928||
CA|Caisse|CA00080|20240925|408100|Fournisseurs - Factures non parvenues|||CA091291|20240925|OPERATION DIVERSE 10/01/2025|0,00|968,07|||20240928||
CA|Caisse|CA00081|20240404|580000|Virements internes|||CA041380|20240404|OPERATION DIVERSE 12/02/2025|54,29|0,00|||20240407||
CA|Caisse|CA00081|20240404|764000|Revenus des valeurs mobilieres de placement|||CA041380|20240404|OPERATION DIVERSE 12/02/2025|0,00|54,29|||20240407||
CA|Caisse|CA00082|20240617|281350|Amort. installations generales|||CA061074|20240617|OPERATION DIVERSE 17/01/2025|1409,41|0,00|||20240622||
CA|Caisse|CA00082|20240617|512000|Banque principale|||CA061074|20240617|OPERATION DIVERSE 17/01/2025|0,00|1409,41|||20240622||
CA|Caisse|CA00083|20240522|706000|Prestations de services|||CA058864|20240522|OPERATION DIVERSE 04/01/2025|475,89|0,00|||20240524||
CA|Caisse|CA00083|20240522|445710|TVA collectee a payer|||CA058864|20240522|OPERATION DIVERSE 04/01/2025|0,00|475,89|||20240524||
CA|Caisse|CA00084|20240419|416000|Clients douteux|||CA043865|20240419|OPERATION DIVERSE 06/01/2025|165,15|0,00|||20240421||
CA|Caisse|CA00084|20240419|661000|Charges d'interets|||CA043865|20240419|OPERATION DIVERSE 06/01/2025|0,00|165,15|||20240421||
CA|Caisse|CA00085|20240927|666000|Pertes de change|||CA092874|20240927|OPERATION DIVERSE 07/01/2025|283,93|0,00|||20240928||
CA|Caisse|CA00085|20240928|408100|Fournisseurs - Factures non parvenues|||CA092874|20240927|OPERATION DIVERSE 07/01/2025|0,00|283,93|||20240928||
CA|Caisse|CA00086|20240412|612000|Redevances de credit-bail|||CA049974|20240412|OPERATION DIVERSE 04/01/2025|956,56|0,00|||20240413||
CA|Caisse|CA00086|20240413|419100|Clients - Avances et acomptes recus|||CA049974|20240412|OPERATION DIVERSE 04/01/2025|0,00|956,56|||20240413||
CA|Caisse|CA00087|20240117|618100|Documentation generale|||CA017154|20240117|OPERATION DIVERSE 24/02/2025|568,00|0,00|||20240122||
CA|Caisse|CA00087|20240117|411000|Clients|C00006|CLIENT ZETA|CA017154|20240117|OPERATION DIVERSE 24/02/2025|0,00|568,00|||20240122||
CA|Caisse|CA00088|20240930|106800|Autres reserves|||CA098877|20240930|OPERATION DIVERSE 24/02/2025|936,20|0,00|||20241007||
CA|Caisse|CA00088|20240930|658000|Charges diverses de gestion courante|||CA098877|20240930|OPERATION DIVERSE 24/02/2025|0,00|936,20|||20241007||
CA|Caisse|CA00089|20240927|713000|Variation des stocks|||CA091939|20240927|OPERATION DIVERSE 02/02/2025|973,61|0,00|||20241004||
CA|Caisse|CA00089|20240927|281830|Amort. materiel de bureau|||CA091939|20240927|OPERATION DIVERSE 02/02/2025|0,00|973,61|||20241004||
CA|Caisse|CA00090|20240117|455000|Associes - Comptes courants|||CA091939|20240117|OPERATION DIVERSE 16/01/2025|779,42|0,00|||20240120||
CA|Caisse|CA00090|20240117|615500|Entretien et reparations sur biens mobiliers|||CA015326|20240117|OPERATION DIVERSE 16/01/2025|0,00|779,42|||20240120||
CA|Caisse|CA00091|20240223|514000|Cheques postaux|||CA021532|20240223|OPERATION DIVERSE 21/01/2025|733,28|0,00|||20240229||
CA|Caisse|CA00091|20240223|614000|Charges locatives|||CA021532|20240223|OPERATION DIVERSE 21/01/2025|0,00|733,28|||20240229||
CA|Caisse|CA00092|20240126|371000|Stock de marchandises|||CA011854|20240126|OPERATION DIVERSE 19/02/2025|372,36|0,00|||20240128||
CA|Caisse|CA00092|20240126|425000|Personnel - Avances et acomptes|||CA011854|20240126|OPERATION DIVERSE 19/02/2025|0,00|372,36|||20240128||
CA|Caisse|CA00093|20240917|622700|Frais d'actes et de contentieux|||CA097461|20240917|OPERATION DIVERSE 12/01/2025|855,87|0,00|||20240924||
CA|Caisse|CA00093|20240917|401000|Fournisseurs|F00010|ELECTRICITE DE FRANCE|CA097461|20240917|OPERATION DIVERSE 12/01/2025|0,00|855,87|||20240924||
CA|Caisse|CA00094|20241213|625600|Missions|||CA125911|20241213|OPERATION DIVERSE 25/01/2025|1199,57|0,00|||20241214||
CA|Caisse|CA00094|20241213|451000|Groupe|||CA125911|20241213|OPERATION DIVERSE 25/01/2025|0,00|1199,57|||20241214||
CA|Caisse|CA00095|20240819|401000|Fournisseurs|F00008|TRANSPORT EXPRESS|CA082187|20240819|OPERATION DIVERSE 15/01/2025|5718,01|0,00|||20240820||
CA|Caisse|CA00095|20240819|512100|Banque secondaire|||CA082187|20240819|OPERATION DIVERSE 15/01/2025|0,00|5718,01|||20240820||
CA|Caisse|CA00096|20240829|615200|Entretien et reparations sur biens immobiliers|||CA081121|20240829|OPERATION DIVERSE 25/01/2025|598,87|0,00|||20240901||
CA|Caisse|CA00096|20240829|445860|TVA sur factures non parvenues|||CA081121|20240829|OPERATION DIVERSE 25/01/2025|0,00|598,87|||20240901||
CA|Caisse|CA00097|20240412|211000|Terrains|||CA049711|20240412|OPERATION DIVERSE 05/02/2025|3540,81|0,00|||20240412||
CA|Caisse|CA00097|20240412|512000|Banque principale|||CA049711|20240412|OPERATION DIVERSE 05/02/2025|0,00|3540,81|||20240412||
CA|Caisse|CA00098|20241114|512100|Banque secondaire|||CA115124|20241114|OPERATION DIVERSE 27/01/2025|796,39|0,00|||20241120||
CA|Caisse|CA00098|20241114|616000|Primes d'assurance|||CA115124|20241114|OPERATION DIVERSE 27/01/2025|0,00|796,39|||20241120||
CA|Caisse|CA00099|20240509|445860|TVA sur factures non parvenues|||CA053986|20240509|OPERATION DIVERSE 01/01/2025|947,79|0,00|||20240509||
CA|Caisse|CA00099|20240509|796000|Transferts de charges financieres|||CA053986|20240509|OPERATION DIVERSE 01/01/2025|0,00|947,79|||20240509||
CA|Caisse|CA00100|20240802|625100|Voyages et deplacements|||CA086499|20240802|OPERATION DIVERSE 03/02/2025|1633,47|0,00|||20240803||
CA|Caisse|CA00100|20240802|431000|Securite sociale|||CA086499|20240802|OPERATION DIVERSE 03/02/2025|0,00|1633,47|||20240803||
CA|Caisse|CA00101|20240823|665000|Escomptes accordes|||CA084024|20240823|OPERATION DIVERSE 06/01/2025|742,94|0,00|||20240825||
CA|Caisse|CA00101|20240823|425000|Personnel - Avances et acomptes|||CA084024|20240823|OPERATION DIVERSE 06/01/2025|0,00|742,94|||20240825||
CA|Caisse|CA00102|20240222|281810|Amort. installations generales|||CA027750|20240222|OPERATION DIVERSE 06/02/2025|19291,04|0,00|||20240226||
CA|Caisse|CA00102|20240222|512100|Banque secondaire|||CA027750|20240222|OPERATION DIVERSE 06/02/2025|0,00|19291,04|||20240226||
CA|Caisse|CA00103|20240329|370000|Marchandises|||CA039593|20240329|OPERATION DIVERSE 21/02/2025|392,77|0,00|||20240403||
CA|Caisse|CA00103|20240329|211000|Terrains|||CA039593|20240329|OPERATION DIVERSE 21/02/2025|0,00|392,77|||20240403||
CA|Caisse|CA00104|20241127|602200|Achats de fournitures consommables|||CA112910|20241127|OPERATION DIVERSE 03/02/2025|275,12|0,00|||20241128||
CA|Caisse|CA00104|20241127|445670|TVA collectee|||CA112910|20241127|OPERATION DIVERSE 03/02/2025|0,00|275,12|||20241128||
CA|Caisse|CA00105|20241018|207000|Fonds commercial|||CA103641|20241018|OPERATION DIVERSE 30/01/2025|15516,06|0,00|||20241024||
CA|Caisse|CA00105|20241018|512100|Banque secondaire|||CA103641|20241018|OPERATION DIVERSE 30/01/2025|0,00|15516,06|||20241024||
CA|Caisse|CA00106|20240307|281350|Amort. installations generales|||CA034503|20240307|OPERATION DIVERSE 11/02/2025|15301,04|0,00|||20240309||
CA|Caisse|CA00106|20240307|512100|Banque secondaire|||CA034503|20240307|OPERATION DIVERSE 11/02/2025|0,00|15301,04|||20240309||
CA|Caisse|CA00107|20240829|602200|Achats de fournitures consommables|||CA086022|20240829|OPERATION DIVERSE 22/02/2025|1183,21|0,00|||20240902||
CA|Caisse|CA00107|20240829|445510|TVA a decaisser|||CA086022|20240829|OPERATION DIVERSE 22/02/2025|0,00|1183,21|||20240902||
CA|Caisse|CA00108|20240419|628100|Concours divers (cotisations...)|||CA042472|20240419|OPERATION DIVERSE 07/01/2025|337,89|0,00|||20240422||
CA|Caisse|CA00108|20240419|491000|Depreciation des comptes clients|||CA042472|20240419|OPERATION DIVERSE 07/01/2025|0,00|337,89|||20240422||
CA|Caisse|CA00109|20240423|601000|Achats de matieres premieres|||CA043369|20240423|OPERATION DIVERSE 05/01/2025|1302,90|0,00|||20240428||
CA|Caisse|CA00109|20240423|408100|Fournisseurs - Factures non parvenues|||CA043369|20240423|OPERATION DIVERSE 05/01/2025|0,00|1302,90|||20240428||
CA|Caisse|CA00110|20240910|766000|Gains de change|||CA091884|20240910|OPERATION DIVERSE 05/02/2025|1919,20|0,00|||20240912||
CA|Caisse|CA00110|20240910|686500|Dot. provisions pour risques et charges financiers|||CA091884|20240910|OPERATION DIVERSE 05/02/2025|0,00|1919,20|||20240912||
CA|Caisse|CA00111|20240119|763000|Revenus des autres creances|||CA012105|20240119|OPERATION DIVERSE 03/01/2025|1059,20|0,00|||20240123||
CA|Caisse|CA00111|20240119|622600|Honoraires|||CA012105|20240119|OPERATION DIVERSE 03/01/2025|0,00|1059,20|||20240123||
CA|Caisse|CA00112|20240924|658000|Charges diverses de gestion courante|||CA098574|20240924|OPERATION DIVERSE 26/01/2025|999,81|0,00|||20240924||
CA|Caisse|CA00112|20240924|590000|Depreciation des valeurs mobilieres de placement|||CA098574|20240924|OPERATION DIVERSE 26/01/2025|0,00|999,81|||20240924||
CA|Caisse|CA00113|20240620|606400|Fournitures administratives|||CA098574|20240620|OPERATION DIVERSE 06/01/2025|1222,76|0,00|||20240626||
CA|Caisse|CA00113|20240620|444000|Etat - Impots sur les benefices|||CA062129|20240620|OPERATION DIVERSE 06/01/2025|0,00|1222,76|||20240626||
CA|Caisse|CA00114|20240507|608500|Frais accessoires d'achat|||CA054968|20240507|OPERATION DIVERSE 18/01/2025|1606,44|0,00|||20240509||
CA|Caisse|CA00114|20240507|413000|Clients - Effets a recevoir|||CA054968|20240507|OPERATION DIVERSE 18/01/2025|0,00|1606,44|||20240509||
CA|Caisse|CA00115|20240423|762000|Produits des autres immobilisations financieres|||CA049396|20240423|OPERATION DIVERSE 15/01/2025|916,71|0,00|||20240423||
CA|Caisse|CA00115|20240423|623000|Publicite, publications, relations publiques|||CA049396|20240423|OPERATION DIVERSE 15/01/2025|0,00|916,71|||20240423||
CA|Caisse|CA00116|20240205|401000|Fournisseurs|F00004|PAPETERIE EXPRESS|CA023570|20240205|OPERATION DIVERSE 28/01/2025|2534,04|0,00|||20240206||
CA|Caisse|CA00116|20240205|511000|Valeurs a l'encaissement|||CA023570|20240205|OPERATION DIVERSE 28/01/2025|0,00|2534,04|||20240206||
CA|Caisse|CA00117|20240306|487000|Produits constates d'avance|||CA036106|20240306|OPERATION DIVERSE 02/02/2025|686,74|0,00|||20240311||
CA|Caisse|CA00117|20240306|418100|Clients - Factures a etablir|||CA036106|20240306|OPERATION DIVERSE 02/02/2025|0,00|686,74|||20240311||
CA|Caisse|CA00118|20240322|766000|Gains de change|||CA035844|20240322|OPERATION DIVERSE 23/02/2025|272,16|0,00|||20240329||
CA|Caisse|CA00118|20240322|438200|Charges sociales sur conges a payer|||CA035844|20240322|OPERATION DIVERSE 23/02/2025|0,00|272,16|||20240329||
CA|Caisse|CA00119|20240318|740000|Subventions d'exploitation|||CA031119|20240318|OPERATION DIVERSE 08/01/2025|1523,76|0,00|||20240324||
CA|Caisse|CA00119|20240318|681500|Dot. provisions pour risques et charges d'exploitation|||CA031119|20240318|OPERATION DIVERSE 08/01/2025|0,00|1523,76|||20240324||
CA|Caisse|CA00120|20240627|321000|Matieres consommables|||CA066797|20240627|OPERATION DIVERSE 06/02/2025|188,86|0,00|||20240629||
CA|Caisse|CA00120|20240627|486000|Charges constatees d'avance|||CA066797|20240627|OPERATION DIVERSE 06/02/2025|0,00|188,86|||20240629||
CA|Caisse|CA00121|20241220|512100|Banque secondaire|||CA123017|20241220|OPERATION DIVERSE 05/01/2025|204,41|0,00|||20241220||
CA|Caisse|CA00121|20241220|281830|Amort. materiel de bureau|||CA123017|20241220|OPERATION DIVERSE 05/01/2025|0,00|204,41|||20241220||
CA|Caisse|CA00122|20240219|791000|Transferts de charges d'exploitation|||CA021869|20240219|OPERATION DIVERSE 17/01/2025|917,25|0,00|||20240225||
CA|Caisse|CA00122|20240219|411000|Clients|C00006|CLIENT ZETA|CA021869|20240219|OPERATION DIVERSE 17/01/2025|0,00|917,25|||20240225||
CA|Caisse|CA00123|20241119|625700|Receptions|||CA113505|20241119|OPERATION DIVERSE 28/01/2025|113,43|0,00|||20241123||
CA|Caisse|CA00123|20241119|431000|Securite sociale|||CA113505|20241119|OPERATION DIVERSE 28/01/2025|0,00|113,43|||20241123||
CA|Caisse|CA00124|20240131|602260|Achats d'emballages|||CA018657|20240131|OPERATION DIVERSE 02/01/2025|1703,93|0,00|||20240206||
CA|Caisse|CA00124|20240131|451000|Groupe|||CA018657|20240131|OPERATION DIVERSE 02/01/2025|0,00|1703,93|||20240206||
CA|Caisse|CA00125|20240105|758000|Produits divers de gestion courante|||CA014650|20240105|OPERATION DIVERSE 15/02/2025|132,42|0,00|||20240112||
CA|Caisse|CA00125|20240105|664000|Pertes sur cessions de valeurs mobilieres de placement|||CA014650|20240105|OPERATION DIVERSE 15/02/2025|0,00|132,42|||20240112||
CA|Caisse|CA00126|20240716|467000|Autres comptes debiteurs ou crediteurs|||CA077625|20240716|OPERATION DIVERSE 01/02/2025|336,05|0,00|||20240723||
CA|Caisse|CA00126|20240716|766000|Gains de change|||CA077625|20240716|OPERATION DIVERSE 01/02/2025|0,00|336,05|||20240723||
CA|Caisse|CA00127|20240103|530000|Caisse|||CA019973|20240103|OPERATION DIVERSE 10/01/2025|828,87|0,00|||20240109||
CA|Caisse|CA00127|20240103|623400|Cadeaux a la clientele|||CA019973|20240103|OPERATION DIVERSE 10/01/2025|0,00|828,87|||20240109||
CA|Caisse|CA00128|20241004|706000|Prestations de services|||CA107235|20241004|OPERATION DIVERSE 21/01/2025|1852,49|0,00|||20241004||
CA|Caisse|CA00128|20241004|165000|Depots et cautionnements recus|||CA107235|20241004|OPERATION DIVERSE 21/01/2025|0,00|1852,49|||20241004||
CA|Caisse|CA00129|20240405|675000|Valeurs comptables des elements d'actif cedes|||CA045476|20240405|OPERATION DIVERSE 02/02/2025|1932,87|0,00|||20240409||
CA|Caisse|CA00129|20240405|445860|TVA sur factures non parvenues|||CA045476|20240405|OPERATION DIVERSE 02/02/2025|0,00|1932,87|||20240409||
CA|Caisse|CA00130|20240628|403000|Fournisseurs - Effets a payer|||CA062828|20240628|OPERATION DIVERSE 24/01/2025|367,75|0,00|||20240705||
CA|Caisse|CA00130|20240628|101000|Capital social|||CA062828|20240628|OPERATION DIVERSE 24/01/2025|0,00|367,75|||20240705||
CA|Caisse|CA00131|20240108|618500|Frais de colloques, seminaires, conferences|||CA012635|20240108|OPERATION DIVERSE 18/02/2025|1237,36|0,00|||20240114||
CA|Caisse|CA00131|20240108|444000|Etat - Impots sur les benefices|||CA012635|20240108|OPERATION DIVERSE 18/02/2025|0,00|1237,36|||20240114||
CA|Caisse|CA00132|20240819|164000|Emprunts aupres des etablissements de credit|||CA084192|20240819|OPERATION DIVERSE 19/02/2025|808,49|0,00|||20240819||
CA|Caisse|CA00132|20240819|517000|Autres organismes financiers|||CA084192|20240819|OPERATION DIVERSE 19/02/2025|0,00|808,49|||20240819||
CA|Caisse|CA00133|20240829|280500|Amort. logiciels|||CA084379|20240829|OPERATION DIVERSE 16/02/2025|15818,60|0,00|||20240831||
CA|Caisse|CA00133|20240829|404000|Fournisseurs d'immobilisations|||CA084379|20240829|OPERATION DIVERSE 16/02/2025|0,00|15818,60|||20240831||
CA|Caisse|CA00134|20241121|445870|TVA sur factures a etablir|||CA113135|20241121|OPERATION DIVERSE 26/01/2025|424,40|0,00|||20241127||
CA|Caisse|CA00134|20241121|709000|Rabais, remises et ristournes accordes|||CA113135|20241121|OPERATION DIVERSE 26/01/2025|0,00|424,40|||20241127||
CA|Caisse|CA00135|20240906|445520|TVA due intracommunautaire|||CA095471|20240906|OPERATION DIVERSE 15/01/2025|622,43|0,00|||20240911||
CA|Caisse|CA00135|20240906|601000|Achats de matieres premieres|||CA095471|20240906|OPERATION DIVERSE 15/01/2025|0,00|622,43|||20240911||
CA|Caisse|CA00136|20240105|781740|Reprises sur provisions sur creances|||CA019859|20240105|OPERATION DIVERSE 11/02/2025|398,99|0,00|||20240111||
CA|Caisse|CA00136|20240105|413000|Clients - Effets a recevoir|||CA019859|20240105|OPERATION DIVERSE 11/02/2025|0,00|398,99|||20240111||
CA|Caisse|CA00137|20241108|418100|Clients - Factures a etablir|||CA116319|20241108|OPERATION DIVERSE 16/02/2025|627,38|0,00|||20241113||
CA|Caisse|CA00137|20241108|611000|Sous-traitance generale|||CA116319|20241108|OPERATION DIVERSE 16/02/2025|0,00|627,38|||20241113||
CA|Caisse|CA00138|20240109|413000|Clients - Effets a recevoir|||CA014239|20240109|OPERATION DIVERSE 08/02/2025|863,63|0,00|||20240114||
CA|Caisse|CA00138|20240109|625700|Receptions|||CA014239|20240109|OPERATION DIVERSE 08/02/2025|0,00|863,63|||20240114||
CA|Caisse|CA00139|20240315|418100|Clients - Factures a etablir|||CA031159|20240315|OPERATION DIVERSE 01/01/2025|907,05|0,00|||20240322||
CA|Caisse|CA00139|20240315|618500|Frais de colloques, seminaires, conferences|||CA031159|20240315|OPERATION DIVERSE 01/01/2025|0,00|907,05|||20240322||
CA|Caisse|CA00140|20240529|615200|Entretien et reparations sur biens immobiliers|||CA055811|20240529|OPERATION DIVERSE 18/01/2025|320,56|0,00|||20240604||
CA|Caisse|CA00140|20240529|447100|Autres impots, taxes et versements assimiles|||CA055811|20240529|OPERATION DIVERSE 18/01/2025|0,00|320,56|||20240604||
CA|Caisse|CA00141|20240429|611000|Sous-traitance generale|||CA041260|20240429|OPERATION DIVERSE 01/02/2025|472,22|0,00|||20240503||
CA|Caisse|CA00141|20240429|408400|Fournisseurs d'immobilisations - Factures non parvenues|||CA041260|20240429|OPERATION DIVERSE 01/02/2025|0,00|472,22|||20240503||
CA|Caisse|CA00142|20241010|751000|Redevances pour concessions, brevets, licences, etc.|||CA109170|20241010|OPERATION DIVERSE 01/02/2025|693,45|0,00|||20241014||
CA|Caisse|CA00142|20241010|164000|Emprunts aupres des etablissements de credit|||CA109170|20241010|OPERATION DIVERSE 01/02/2025|0,00|693,45|||20241014||
CA|Caisse|CA00143|20240119|580000|Virements internes|||CA016106|20240119|OPERATION DIVERSE 23/01/2025|625,86|0,00|||20240121||
CA|Caisse|CA00143|20240119|438200|Charges sociales sur conges a payer|||CA016106|20240119|OPERATION DIVERSE 23/01/2025|0,00|625,86|||20240121||
CA|Caisse|CA00144|20240926|421000|Personnel - Remunerations dues|||CA095676|20240926|OPERATION DIVERSE 26/01/2025|344,77|0,00|||20240930||
CA|Caisse|CA00144|20240926|408100|Fournisseurs - Factures non parvenues|||CA095676|20240926|OPERATION DIVERSE 26/01/2025|0,00|344,77|||20240930||
CA|Caisse|CA00145|20240311|654000|Pertes sur creances irrecouvrables|||CA037091|20240311|OPERATION DIVERSE 30/01/2025|745,52|0,00|||20240318||
CA|Caisse|CA00145|20240311|421000|Personnel - Remunerations dues|||CA037091|20240311|OPERATION DIVERSE 30/01/2025|0,00|745,52|||20240318||
CA|Caisse|CA00146|20240603|695000|Impots sur les benefices|||CA061801|20240603|OPERATION DIVERSE 14/01/2025|839,26|0,00|||20240604||
CA|Caisse|CA00146|20240608|468600|Charges a payer|||CA061801|20240603|OPERATION DIVERSE 14/01/2025|0,00|839,26|||20240604||
CA|Caisse|CA00147|20240829|621000|Personnel exterieur a l'entreprise|||CA089992|20240829|OPERATION DIVERSE 21/02/2025|672,75|0,00|||20240830||
CA|Caisse|CA00147|20240829|413000|Clients - Effets a recevoir|||CA089992|20240829|OPERATION DIVERSE 21/02/2025|0,00|672,75|||20240830||
CA|Caisse|CA00148|20241122|508000|Interets courus sur VMP|||CA115136|20241122|OPERATION DIVERSE 16/01/2025|393,70|0,00|||20241127||
CA|Caisse|CA00148|20241122|164000|Emprunts aupres des etablissements de credit|||CA115136|20241122|OPERATION DIVERSE 16/01/2025|0,00|393,70|||20241127||
CA|Caisse|CA00149|20241011|625100|Voyages et deplacements|||CA104810|20241011|OPERATION DIVERSE 13/02/2025|1578,97|0,00|||20241018||
CA|Caisse|CA00149|20241011|500000|Valeurs mobilieres de placement|||CA104810|20241011|OPERATION DIVERSE 13/02/2025|0,00|1578,97|||20241018||
CA|Caisse|CA00150|20240628|413000|Clients - Effets a recevoir|||CA067173|20240628|OPERATION DIVERSE 21/01/2025|723,54|0,00|||20240701||
CA|Caisse|CA00150|20240628|751000|Redevances pour concessions, brevets, licences, etc.|||CA067173|20240628|OPERATION DIVERSE 21/01/2025|0,00|723,54|||20240701||
CA|Caisse|CA00151|20240830|467000|Autres comptes debiteurs ou crediteurs|||CA082858|20240830|OPERATION DIVERSE 07/01/2025|757,64|0,00|||20240906||
CA|Caisse|CA00151|20240830|654000|Pertes sur creances irrecouvrables|||CA082858|20240830|OPERATION DIVERSE 07/01/2025|0,00|757,64|||20240906||
CA|Caisse|CA00152|20240103|618500|Frais de colloques, seminaires, conferences|||CA015735|20240103|OPERATION DIVERSE 15/02/2025|1874,09|0,00|||20240103||
CA|Caisse|CA00152|20240103|445660|TVA deductible sur ABS|||CA015735|20240103|OPERATION DIVERSE 15/02/2025|0,00|1874,09|||20240103||
CA|Caisse|CA00153|20240329|615600|Maintenance|||CA035709|20240329|OPERATION DIVERSE 23/01/2025|1983,65|0,00|||20240405||
CA|Caisse|CA00153|20240329|445860|TVA sur factures non parvenues|||CA035709|20240329|OPERATION DIVERSE 23/01/2025|0,00|1983,65|||20240405||
CA|Caisse|CA00154|20240831|720000|Production immobilisee|||CA081912|20240830|OPERATION DIVERSE 21/02/2025|262,84|0,00|||20240831||
CA|Caisse|CA00154|20240830|606800|Autres matieres et fournitures|||CA081912|20240830|OPERATION DIVERSE 21/02/2025|0,00|262,84|||20240831||
CA|Caisse|CA00155|20240722|628100|Concours divers (cotisations...)|||CA074366|20240722|OPERATION DIVERSE 08/02/2025|437,66|0,00|||20240726||
CA|Caisse|CA00155|20240722|511000|Valeurs a l'encaissement|||CA074366|20240722|OPERATION DIVERSE 08/02/2025|0,00|437,66|||20240726||
CA|Caisse|CA00156|20241101|445510|TVA a decaisser|||CA116972|20241101|OPERATION DIVERSE 21/01/2025|462,20|0,00|||20241104||
CA|Caisse|CA00156|20241101|280500|Amort. logiciels|||CA116972|20241101|OPERATION DIVERSE 21/01/2025|0,00|462,20|||20241104||
CA|Caisse|CA00157|20240125|231000|Immobilisations corporelles en cours|||CA018100|20240125|OPERATION DIVERSE 12/01/2025|16833,29|0,00|||20240130||
CA|Caisse|CA00157|20240125|404000|Fournisseurs d'immobilisations|||CA018100|20240125|OPERATION DIVERSE 12/01/2025|0,00|16833,29|||20240130||
CA|Caisse|CA00158|20240209|681740|Dot. provisions sur creances|||CA021297|20240209|OPERATION DIVERSE 26/01/2025|315,05|0,00|||20240213||
CA|Caisse|CA00158|20240209|438200|Charges sociales sur conges a payer|||CA021297|20240209|OPERATION DIVERSE 26/01/2025|0,00|315,05|||20240213||
CA|Caisse|CA00159|20240126|371000|Stock de marchandises|||CA011521|20240126|OPERATION DIVERSE 05/01/2025|442,50|0,00|||20240126||
CA|Caisse|CA00159|20240126|467000|Autres comptes debiteurs ou crediteurs|||CA011521|20240126|OPERATION DIVERSE 05/01/2025|0,00|442,50|||20240126||
CA|Caisse|CA00160|20240425|675000|Valeurs comptables des elements d'actif cedes|||CA049595|20240425|OPERATION DIVERSE 07/02/2025|1761,83|0,00|||20240426||
CA|Caisse|CA00160|20240425|416000|Clients douteux|||CA049595|20240425|OPERATION DIVERSE 07/02/2025|0,00|1761,83|||20240426||
CA|Caisse|CA00161|20240510|606400|Fournitures administratives|||CA057713|20240510|OPERATION DIVERSE 31/01/2025|1624,66|0,00|||20240510||
CA|Caisse|CA00161|20240510|487000|Produits constates d'avance|||CA057713|20240510|OPERATION DIVERSE 31/01/2025|0,00|1624,66|||20240510||
CA|Caisse|CA00162|20240801|231000|Immobilisations corporelles en cours|||CA087960|20240801|OPERATION DIVERSE 19/02/2025|16688,28|0,00|||20240807||
CA|Caisse|CA00162|20240801|512000|Banque principale|||CA087960|20240801|OPERATION DIVERSE 19/02/2025|0,00|16688,28|||20240807||
CA|Caisse|CA00163|20240906|642000|Remunerations des dirigeants|||CA099744|20240906|OPERATION DIVERSE 04/02/2025|224,01|0,00|||20240911||
CA|Caisse|CA00163|20240906|486000|Charges constatees d'avance|||CA099744|20240906|OPERATION DIVERSE 04/02/2025|0,00|224,01|||20240911||
CA|Caisse|CA00164|20240105|781500|Reprises sur provisions pour risques et charges d'exploitation|||CA011076|20240105|OPERATION DIVERSE 22/02/2025|1351,39|0,00|||20240111||
CA|Caisse|CA00164|20240105|403000|Fournisseurs - Effets a payer|||CA011076|20240105|OPERATION DIVERSE 22/02/2025|0,00|1351,39|||20240111||
CA|Caisse|CA00165|20240301|777000|Quote-part des subventions d'investissement viree au resultat|||CA033673|20240301|OPERATION DIVERSE 16/02/2025|44,94|0,00|||20240304||
CA|Caisse|CA00165|20240301|416000|Clients douteux|||CA033673|20240301|OPERATION DIVERSE 16/02/2025|0,00|44,94|||20240304||
CA|Caisse|CA00166|20240308|471000|Compte d'attente|||CA039391|20240308|OPERATION DIVERSE 19/02/2025|287,91|0,00|||20240314||
CA|Caisse|CA00166|20240308|647000|Autres charges sociales|||CA039391|20240308|OPERATION DIVERSE 19/02/2025|0,00|287,91|||20240314||
CA|Caisse|CA00167|20241028|455000|Associes - Comptes courants|||CA109345|20241028|OPERATION DIVERSE 14/01/2025|484,56|0,00|||20241101||
CA|Caisse|CA00167|20241028|641000|Remunerations du personnel|||CA109345|20241028|OPERATION DIVERSE 14/01/2025|0,00|484,56|||20241101||
CA|Caisse|CA00168|20240909|419100|Clients - Avances et acomptes recus|||CA093892|20240909|OPERATION DIVERSE 11/01/2025|127,21|0,00|||20240910||
CA|Caisse|CA00168|20240909|740000|Subventions d'exploitation|||CA093892|20240909|OPERATION DIVERSE 11/01/2025|0,00|127,21|||20240910||
CA|Caisse|CA00169|20240209|511000|Valeurs a l'encaissement|||CA027358|20240209|OPERATION DIVERSE 11/01/2025|790,59|0,00|||20240211||
CA|Caisse|CA00169|20240209|517000|Autres organismes financiers|||CA027358|20240209|OPERATION DIVERSE 11/01/2025|0,00|790,59|||20240211||
CA|Caisse|CA00170|20240102|231000|Immobilisations corporelles en cours|||CA019818|20240102|OPERATION DIVERSE 20/02/2025|13375,99|0,00|||20240104||
CA|Caisse|CA00170|20240102|404000|Fournisseurs d'immobilisations|||CA019818|20240102|OPERATION DIVERSE 20/02/2025|0,00|13375,99|||20240104||
CA|Caisse|CA00171|20240613|616000|Primes d'assurance|||CA067477|20240613|OPERATION DIVERSE 16/02/2025|1171,86|0,00|||20240620||
CA|Caisse|CA00171|20240613|447100|Autres impots, taxes et versements assimiles|||CA067477|20240613|OPERATION DIVERSE 16/02/2025|0,00|1171,86|||20240620||
CA|Caisse|CA00172|20240719|397100|Depreciation des stocks de marchandises|||CA075007|20240719|OPERATION DIVERSE 04/01/2025|449,80|0,00|||20240720||
CA|Caisse|CA00172|20240719|455000|Associes - Comptes courants|||CA075007|20240719|OPERATION DIVERSE 04/01/2025|0,00|449,80|||20240720||
CA|Caisse|CA00173|20241025|761000|Produits de participations|||CA105496|20241025|OPERATION DIVERSE 02/02/2025|1754,42|0,00|||20241026||
CA|Caisse|CA00173|20241025|445510|TVA a decaisser|||CA105496|20241025|OPERATION DIVERSE 02/02/2025|0,00|1754,42|||20241026||
CA|Caisse|CA00174|20240301|613200|Locations immobilieres|||CA036353|20240301|OPERATION DIVERSE 07/02/2025|434,25|0,00|||20240307||
CA|Caisse|CA00174|20240301|445620|TVA deductible sur immobilisations|||CA036353|20240301|OPERATION DIVERSE 07/02/2025|0,00|434,25|||20240307||
CA|Caisse|CA00175|20241122|641000|Remunerations du personnel|||CA113433|20241122|OPERATION DIVERSE 22/01/2025|1037,00|0,00|||20241127||
CA|Caisse|CA00175|20241122|427000|Personnel - Oppositions|||CA113433|20241122|OPERATION DIVERSE 22/01/2025|0,00|1037,00|||20241127||
CA|Caisse|CA00176|20240307|701000|Ventes de produits finis|||CA037612|20240307|OPERATION DIVERSE 28/01/2025|756,55|0,00|||20240312||
CA|Caisse|CA00176|20240307|658000|Charges diverses de gestion courante|||CA037612|20240307|OPERATION DIVERSE 28/01/2025|0,00|756,55|||20240312||
CA|Caisse|CA00177|20240813|765000|Escomptes obtenus|||CA087419|20240813|OPERATION DIVERSE 19/01/2025|1043,95|0,00|||20240814||
CA|Caisse|CA00177|20240813|701000|Ventes de produits finis|||CA087419|20240813|OPERATION DIVERSE 19/01/2025|0,00|1043,95|||20240814||
CA|Caisse|CA00178|20241011|165000|Depots et cautionnements recus|||CA107266|20241011|OPERATION DIVERSE 03/02/2025|632,55|0,00|||20241016||
CA|Caisse|CA00178|20241011|765000|Escomptes obtenus|||CA107266|20241011|OPERATION DIVERSE 03/02/2025|0,00|632,55|||20241016||
CA|Caisse|CA00179|20241219|404000|Fournisseurs d'immobilisations|||CA128566|20241219|OPERATION DIVERSE 21/01/2025|456,23|0,00|||20241220||
CA|Caisse|CA00179|20241219|781500|Reprises sur provisions pour risques et charges d'exploitation|||CA128566|20241219|OPERATION DIVERSE 21/01/2025|0,00|456,23|||20241220||
CA|Caisse|CA00180|20240717|713000|Variation des stocks|||CA076069|20240717|OPERATION DIVERSE 08/01/2025|106,09|0,00|||20240722||
CA|Caisse|CA00180|20240717|517000|Autres organismes financiers|||CA076069|20240717|OPERATION DIVERSE 08/01/2025|0,00|106,09|||20240722||
CA|Caisse|CA00181|20240411|767000|Produits nets sur cessions de valeurs mobilieres de placement|||CA045955|20240411|OPERATION DIVERSE 05/02/2025|694,33|0,00|||20240411||
CA|Caisse|CA00181|20240411|651000|Redevances pour concessions, brevets, licences, etc.|||CA045955|20240411|OPERATION DIVERSE 05/02/2025|0,00|694,33|||20240411||
CA|Caisse|CA00182|20240418|754000|Ristournes percues des cooperatives|||CA041545|20240418|OPERATION DIVERSE 17/02/2025|1889,57|0,00|||20240422||
CA|Caisse|CA00182|20240418|486000|Charges constatees d'avance|||CA041545|20240418|OPERATION DIVERSE 17/02/2025|0,00|1889,57|||20240422||
CA|Caisse|CA00183|20240906|612000|Redevances de credit-bail|||CA094642|20240906|OPERATION DIVERSE 25/01/2025|43,81|0,00|||20240911||
CA|Caisse|CA00183|20240906|419100|Clients - Avances et acomptes recus|||CA094642|20240906|OPERATION DIVERSE 25/01/2025|0,00|43,81|||20240911||
CA|Caisse|CA00184|20241107|666000|Pertes de change|||CA114998|20241107|OPERATION DIVERSE 22/02/2025|1077,82|0,00|||20241112||
CA|Caisse|CA00184|20241107|455000|Associes - Comptes courants|||CA114998|20241107|OPERATION DIVERSE 22/02/2025|0,00|1077,82|||20241112||
CA|Caisse|CA00185|20240516|409100|Fournisseurs - Avances et acomptes verses|||CA051884|20240516|OPERATION DIVERSE 11/02/2025|25,28|0,00|||20240516||
CA|Caisse|CA00185|20240516|633000|Impots, taxes et versements assimiles sur remunerations (autres organismes)|||CA051884|20240516|OPERATION DIVERSE 11/02/2025|0,00|25,28|||20240516||
CA|Caisse|CA00186|20240927|215400|Materiel industriel|||CA098037|20240927|OPERATION DIVERSE 08/02/2025|15350,18|0,00|||20240930||
CA|Caisse|CA00186|20240927|512100|Banque secondaire|||CA098037|20240927|OPERATION DIVERSE 08/02/2025|0,00|15350,18|||20240930||
CA|Caisse|CA00187|20241213|416000|Clients douteux|||CA129340|20241213|OPERATION DIVERSE 31/01/2025|424,33|0,00|||20241215||
CA|Caisse|CA00187|20241213|201000|Frais d'etablissement|||CA129340|20241213|OPERATION DIVERSE 31/01/2025|0,00|424,33|||20241215||
OD|Operations diverses|OD00001|20241224|416000|Clients douteux|||OD124381|20241224|ECRITURE DE REGULARISATION 01/2025|967,94|0,00|||20241229||
OD|Operations diverses|OD00001|20241224|675000|Valeurs comptables des elements d'actif cedes|||OD124381|20241224|ECRITURE DE REGULARISATION 01/2025|0,00|967,94|||20241229||
OD|Operations diverses|OD00002|20240108|713000|Variation des stocks|||OD011258|20240108|ECRITURE DE REGULARISATION 01/2025|880,45|0,00|||20240108||
OD|Operations diverses|OD00002|20240108|164000|Emprunts aupres des etablissements de credit|||OD011258|20240108|ECRITURE DE REGULARISATION 01/2025|0,00|880,45|||20240108||
OD|Operations diverses|OD00003|20240903|635000|Autres impots, taxes et versements assimiles|||OD094888|20240903|ECRITURE DE REGULARISATION 01/2025|945,44|0,00|||20240904||
OD|Operations diverses|OD00003|20240903|431000|Securite sociale|||OD094888|20240903|ECRITURE DE REGULARISATION 01/2025|0,00|945,44|||20240904||
OD|Operations diverses|OD00004|20241021|622600|Honoraires|||OD109750|20241021|ECRITURE DE REGULARISATION 02/2025|1869,92|0,00|||20241026||
OD|Operations diverses|OD00004|20241026|418100|Clients - Factures a etablir|||OD109750|20241021|ECRITURE DE REGULARISATION 02/2025|0,00|1869,92|||20241026||
OD|Operations diverses|OD00005|20240209|751000|Redevances pour concessions, brevets, licences, etc.|||OD023383|20240209|ECRITURE DE REGULARISATION 01/2025|891,30|0,00|||20240215||
OD|Operations diverses|OD00005|20240209|165000|Depots et cautionnements recus|||OD023383|20240209|ECRITURE DE REGULARISATION 01/2025|0,00|891,30|||20240215||
OD|Operations diverses|OD00006|20240708|666000|Pertes de change|||OD075673|20240708|ECRITURE DE REGULARISATION 01/2025|859,31|0,00|||20240709||
OD|Operations diverses|OD00006|20240708|411000|Clients|C00010|CLIENT KAPPA|OD075673|20240708|ECRITURE DE REGULARISATION 01/2025|0,00|859,31|||20240709||
OD|Operations diverses|OD00007|20240530|427000|Personnel - Oppositions|||OD052207|20240530|ECRITURE DE REGULARISATION 01/2025|32,70|0,00|||20240606||
OD|Operations diverses|OD00007|20240530|211000|Terrains|||OD052207|20240530|ECRITURE DE REGULARISATION 01/2025|0,00|32,70|||20240606||
OD|Operations diverses|OD00008|20240524|487000|Produits constates d'avance|||OD056093|20240524|ECRITURE DE REGULARISATION 01/2025|484,25|0,00|||20240529||
OD|Operations diverses|OD00008|20240524|661000|Charges d'interets|||OD056093|20240524|ECRITURE DE REGULARISATION 01/2025|0,00|484,25|||20240529||
OD|Operations diverses|OD00009|20240329|438200|Charges sociales sur conges a payer|||OD038846|20240329|ECRITURE DE REGULARISATION 02/2025|435,66|0,00|||20240403||
OD|Operations diverses|OD00009|20240329|623400|Cadeaux a la clientele|||OD038846|20240329|ECRITURE DE REGULARISATION 02/2025|0,00|435,66|||20240403||
OD|Operations diverses|OD00010|20241018|706000|Prestations de services|||OD101824|20241018|ECRITURE DE REGULARISATION 02/2025|1473,75|0,00|||20241020||
OD|Operations diverses|OD00010|20241018|408100|Fournisseurs - Factures non parvenues|||OD101824|20241018|ECRITURE DE REGULARISATION 02/2025|0,00|1473,75|||20241020||
OD|Operations diverses|OD00011|20240702|708500|Ports et frais accessoires factures|||OD072572|20240702|ECRITURE DE REGULARISATION 01/2025|1941,84|0,00|||20240707||
OD|Operations diverses|OD00011|20240702|491000|Depreciation des comptes clients|||OD072572|20240702|ECRITURE DE REGULARISATION 01/2025|0,00|1941,84|||20240707||
OD|Operations diverses|OD00012|20240118|606400|Fournitures administratives|||OD016178|20240118|ECRITURE DE REGULARISATION 02/2025|603,33|0,00|||20240118||
OD|Operations diverses|OD00012|20240118|438200|Charges sociales sur conges a payer|||OD016178|20240118|ECRITURE DE REGULARISATION 02/2025|0,00|603,33|||20240118||
OD|Operations diverses|OD00013|20241017|425000|Personnel - Avances et acomptes|||OD107027|20241017|ECRITURE DE REGULARISATION 01/2025|306,09|0,00|||20241018||
OD|Operations diverses|OD00013|20241017|428200|Personnel - Conges payes|||OD107027|20241017|ECRITURE DE REGULARISATION 01/2025|0,00|306,09|||20241018||
OD|Operations diverses|OD00014|20240712|615600|Maintenance|||OD078388|20240712|ECRITURE DE REGULARISATION 02/2025|172,76|0,00|||20240717||
OD|Operations diverses|OD00014|20240712|438200|Charges sociales sur conges a payer|||OD078388|20240712|ECRITURE DE REGULARISATION 02/2025|0,00|172,76|||20240717||
OD|Operations diverses|OD00015|20240423|445510|TVA a decaisser|||OD046888|20240423|ECRITURE DE REGULARISATION 01/2025|144,87|0,00|||20240424||
OD|Operations diverses|OD00015|20240423|518100|Interets courus a payer|||OD046888|20240423|ECRITURE DE REGULARISATION 01/2025|0,00|144,87|||20240424||
OD|Operations diverses|OD00016|20240514|687000|Dot. amort. et provisions exceptionnels|||OD055689|20240514|ECRITURE DE REGULARISATION 02/2025|1342,34|0,00|||20240520||
OD|Operations diverses|OD00016|20240514|428200|Personnel - Conges payes|||OD055689|20240514|ECRITURE DE REGULARISATION 02/2025|0,00|1342,34|||20240520||
OD|Operations diverses|OD00017|20240913|355000|Produits finis (groupe)|||OD092083|20240913|ECRITURE DE REGULARISATION 02/2025|960,14|0,00|||20240917||
OD|Operations diverses|OD00017|20240913|471000|Compte d'attente|||OD092083|20240913|ECRITURE DE REGULARISATION 02/2025|0,00|960,14|||20240917||
OD|Operations diverses|OD00018|20241125|416000|Clients douteux|||OD117791|20241125|ECRITURE DE REGULARISATION 01/2025|159,97|0,00|||20241125||
OD|Operations diverses|OD00018|20241125|590000|Depreciation des valeurs mobilieres de placement|||OD117791|20241125|ECRITURE DE REGULARISATION 01/2025|0,00|159,97|||20241125||
OD|Operations diverses|OD00019|20241101|418100|Clients - Factures a etablir|||OD111920|20241101|ECRITURE DE REGULARISATION 01/2025|43,59|0,00|||20241105||
OD|Operations diverses|OD00019|20241101|419100|Clients - Avances et acomptes recus|||OD111920|20241101|ECRITURE DE REGULARISATION 01/2025|0,00|43,59|||20241105||
OD|Operations diverses|OD00020|20241223|487000|Produits constates d'avance|||OD122582|20241223|ECRITURE DE REGULARISATION 01/2025|197,33|0,00|||20241230||
OD|Operations diverses|OD00020|20241223|709000|Rabais, remises et ristournes accordes|||OD122582|20241223|ECRITURE DE REGULARISATION 01/2025|0,00|197,33|||20241230||
OD|Operations diverses|OD00021|20240214|626000|Frais postaux et de telecommunications|||OD024849|20240214|ECRITURE DE REGULARISATION 01/2025|222,43|0,00|||20240220||
OD|Operations diverses|OD00021|20240214|514000|Cheques postaux|||OD024849|20240214|ECRITURE DE REGULARISATION 01/2025|0,00|222,43|||20240220||
OD|Operations diverses|OD00022|20240529|698000|Integration fiscale - Charges|||OD051194|20240529|ECRITURE DE REGULARISATION 01/2025|1977,67|0,00|||20240531||
OD|Operations diverses|OD00022|20240529|590000|Depreciation des valeurs mobilieres de placement|||OD051194|20240529|ECRITURE DE REGULARISATION 01/2025|0,00|1977,67|||20240531||
OD|Operations diverses|OD00023|20240625|606100|Electricite, gaz, eau|||OD063009|20240625|ECRITURE DE REGULARISATION 01/2025|1628,20|0,00|||20240630||
OD|Operations diverses|OD00023|20240625|425000|Personnel - Avances et acomptes|||OD063009|20240625|ECRITURE DE REGULARISATION 01/2025|0,00|1628,20|||20240630||
OD|Operations diverses|OD00024|20240815|764000|Revenus des valeurs mobilieres de placement|||OD085593|20240815|ECRITURE DE REGULARISATION 01/2025|292,47|0,00|||20240817||
OD|Operations diverses|OD00024|20240815|658000|Charges diverses de gestion courante|||OD085593|20240815|ECRITURE DE REGULARISATION 01/2025|0,00|292,47|||20240817||
OD|Operations diverses|OD00025|20240717|514000|Cheques postaux|||OD072674|20240717|ECRITURE DE REGULARISATION 02/2025|77,51|0,00|||20240718||
OD|Operations diverses|OD00025|20240717|218300|Materiel de bureau et informatique|||OD072674|20240717|ECRITURE DE REGULARISATION 02/2025|0,00|77,51|||20240718||
OD|Operations diverses|OD00026|20240523|765000|Escomptes obtenus|||OD058157|20240523|ECRITURE DE REGULARISATION 01/2025|779,83|0,00|||20240530||
OD|Operations diverses|OD00026|20240523|602100|Achats de matieres consommables|||OD058157|20240523|ECRITURE DE REGULARISATION 01/2025|0,00|779,83|||20240530||
OD|Operations diverses|OD00027|20241018|607000|Achats de marchandises|||OD101526|20241018|ECRITURE DE REGULARISATION 01/2025|1853,63|0,00|||20241020||
OD|Operations diverses|OD00027|20241018|487000|Produits constates d'avance|||OD101526|20241018|ECRITURE DE REGULARISATION 01/2025|0,00|1853,63|||20241020||
OD|Operations diverses|OD00028|20240823|131800|Autres subventions d'investissement|||OD083802|20240823|ECRITURE DE REGULARISATION 01/2025|795,06|0,00|||20240830||
OD|Operations diverses|OD00028|20240823|698000|Integration fiscale - Charges|||OD083802|20240823|ECRITURE DE REGULARISATION 01/2025|0,00|795,06|||20240830||
OD|Operations diverses|OD00029|20240725|211000|Terrains|||OD074650|20240725|ECRITURE DE REGULARISATION 02/2025|13002,49|0,00|||20240726||
OD|Operations diverses|OD00029|20240725|512000|Banque principale|||OD074650|20240725|ECRITURE DE REGULARISATION 02/2025|0,00|13002,49|||20240726||
OD|Operations diverses|OD00030|20241129|409100|Fournisseurs - Avances et acomptes verses|||OD111528|20241129|ECRITURE DE REGULARISATION 01/2025|582,98|0,00|||20241202||
OD|Operations diverses|OD00030|20241129|707000|Ventes de marchandises|||OD111528|20241129|ECRITURE DE REGULARISATION 01/2025|0,00|582,98|||20241202||
OD|Operations diverses|OD00031|20240916|512000|Banque principale|||OD096088|20240916|ECRITURE DE REGULARISATION 01/2025|2286,03|0,00|||20240918||
OD|Operations diverses|OD00031|20240916|445870|TVA sur factures a etablir|||OD096088|20240916|ECRITURE DE REGULARISATION 01/2025|0,00|2286,03|||20240918||
OD|Operations diverses|OD00032|20241002|625100|Voyages et deplacements|||OD107893|20241002|ECRITURE DE REGULARISATION 02/2025|256,17|0,00|||20241008||
OD|Operations diverses|OD00032|20241002|425000|Personnel - Avances et acomptes|||OD107893|20241002|ECRITURE DE REGULARISATION 02/2025|0,00|256,17|||20241008||
OD|Operations diverses|OD00033|20240823|797000|Transferts de charges exceptionnelles|||OD083183|20240823|ECRITURE DE REGULARISATION 01/2025|1951,93|0,00|||20240826||
OD|Operations diverses|OD00033|20240823|616000|Primes d'assurance|||OD083183|20240823|ECRITURE DE REGULARISATION 01/2025|0,00|1951,93|||20240826||
OD|Operations diverses|OD00034|20240731|445520|TVA due intracommunautaire|||OD078424|20240731|ECRITURE DE REGULARISATION 02/2025|791,98|0,00|||20240806||
OD|Operations diverses|OD00034|20240731|441000|Etat - Impot sur les benefices|||OD078424|20240731|ECRITURE DE REGULARISATION 02/2025|0,00|791,98|||20240806||
OD|Operations diverses|OD00035|20241028|613500|Locations mobilieres|||OD105736|20241028|ECRITURE DE REGULARISATION 02/2025|1428,37|0,00|||20241103||
OD|Operations diverses|OD00035|20241028|517000|Autres organismes financiers|||OD105736|20241028|ECRITURE DE REGULARISATION 02/2025|0,00|1428,37|||20241103||
OD|Operations diverses|OD00036|20241108|511000|Valeurs a l'encaissement|||OD112345|20241108|ECRITURE DE REGULARISATION 02/2025|66,63|0,00|||20241113||
OD|Operations diverses|OD00036|20241108|642000|Remunerations des dirigeants|||OD112345|20241108|ECRITURE DE REGULARISATION 02/2025|0,00|66,63|||20241113||
OD|Operations diverses|OD00037|20240405|798000|Integration fiscale - Produits|||OD044591|20240405|ECRITURE DE REGULARISATION 02/2025|1630,25|0,00|||20240408||
OD|Operations diverses|OD00037|20240405|635000|Autres impots, taxes et versements assimiles|||OD044591|20240405|ECRITURE DE REGULARISATION 02/2025|0,00|1630,25|||20240408||
OD|Operations diverses|OD00038|20241010|445870|TVA sur factures a etablir|||OD109020|20241010|ECRITURE DE REGULARISATION 01/2025|664,16|0,00|||20241012||
OD|Operations diverses|OD00038|20241010|590000|Depreciation des valeurs mobilieres de placement|||OD109020|20241010|ECRITURE DE REGULARISATION 01/2025|0,00|664,16|||20241012||
OD|Operations diverses|OD00039|20241118|371000|Stock de marchandises|||OD119621|20241118|ECRITURE DE REGULARISATION 02/2025|917,12|0,00|||20241125||
OD|Operations diverses|OD00039|20241118|754000|Ristournes percues des cooperatives|||OD119621|20241118|ECRITURE DE REGULARISATION 02/2025|0,00|917,12|||20241125||
OD|Operations diverses|OD00040|20241115|445660|TVA deductible sur ABS|||OD112441|20241115|ECRITURE DE REGULARISATION 02/2025|315,00|0,00|||20241115||
OD|Operations diverses|OD00040|20241115|707000|Ventes de marchandises|||OD112441|20241115|ECRITURE DE REGULARISATION 02/2025|0,00|315,00|||20241115||
OD|Operations diverses|OD00041|20240103|451000|Groupe|||OD011973|20240103|ECRITURE DE REGULARISATION 01/2025|574,29|0,00|||20240109||
OD|Operations diverses|OD00041|20240103|767000|Produits nets sur cessions de valeurs mobilieres de placement|||OD011973|20240103|ECRITURE DE REGULARISATION 01/2025|0,00|574,29|||20240109||
OD|Operations diverses|OD00042|20241227|215400|Materiel industriel|||OD127623|20241227|ECRITURE DE REGULARISATION 02/2025|8148,64|0,00|||20241229||
OD|Operations diverses|OD00042|20241227|404000|Fournisseurs d'immobilisations|||OD127623|20241227|ECRITURE DE REGULARISATION 02/2025|0,00|8148,64|||20241229||
OD|Operations diverses|OD00043|20241230|427000|Personnel - Oppositions|||OD124753|20241230|ECRITURE DE REGULARISATION 02/2025|483,42|0,00|||20241230||
OD|Operations diverses|OD00043|20241230|500000|Valeurs mobilieres de placement|||OD124753|20241230|ECRITURE DE REGULARISATION 02/2025|0,00|483,42|||20241230||
OD|Operations diverses|OD00044|20240222|648000|Autres charges de personnel|||OD025286|20240222|ECRITURE DE REGULARISATION 02/2025|486,30|0,00|||20240225||
OD|Operations diverses|OD00044|20240222|445620|TVA deductible sur immobilisations|||OD025286|20240222|ECRITURE DE REGULARISATION 02/2025|0,00|486,30|||20240225||
OD|Operations diverses|OD00045|20241211|416000|Clients douteux|||OD124034|20241211|ECRITURE DE REGULARISATION 01/2025|476,10|0,00|||20241212||
OD|Operations diverses|OD00045|20241211|763000|Revenus des autres creances|||OD124034|20241211|ECRITURE DE REGULARISATION 01/2025|0,00|476,10|||20241212||
OD|Operations diverses|OD00046|20240306|431000|Securite sociale|||OD035665|20240306|ECRITURE DE REGULARISATION 01/2025|15,51|0,00|||20240307||
OD|Operations diverses|OD00046|20240306|451000|Groupe|||OD035665|20240306|ECRITURE DE REGULARISATION 01/2025|0,00|15,51|||20240307||
OD|Operations diverses|OD00047|20241108|397100|Depreciation des stocks de marchandises|||OD118262|20241108|ECRITURE DE REGULARISATION 01/2025|837,60|0,00|||20241108||
OD|Operations diverses|OD00047|20241108|427000|Personnel - Oppositions|||OD118262|20241108|ECRITURE DE REGULARISATION 01/2025|0,00|837,60|||20241108||
OD|Operations diverses|OD00048|20240126|602200|Achats de fournitures consommables|||OD017364|20240126|ECRITURE DE REGULARISATION 01/2025|1238,56|0,00|||20240202||
OD|Operations diverses|OD00048|20240126|518700|Interets courus a recevoir|||OD017364|20240126|ECRITURE DE REGULARISATION 01/2025|0,00|1238,56|||20240202||
OD|Operations diverses|OD00049|20240507|611000|Sous-traitance generale|||OD056990|20240507|ECRITURE DE REGULARISATION 02/2025|1412,72|0,00|||20240512||
OD|Operations diverses|OD00049|20240507|408400|Fournisseurs d'immobilisations - Factures non parvenues|||OD056990|20240507|ECRITURE DE REGULARISATION 02/2025|0,00|1412,72|||20240512||
OD|Operations diverses|OD00050|20241220|642000|Remunerations des dirigeants|||OD125458|20241220|ECRITURE DE REGULARISATION 01/2025|1089,21|0,00|||20241225||
OD|Operations diverses|OD00050|20241220|404000|Fournisseurs d'immobilisations|||OD125458|20241220|ECRITURE DE REGULARISATION 01/2025|0,00|1089,21|||20241225||
OD|Operations diverses|OD00051|20240610|647000|Autres charges sociales|||OD065642|20240610|ECRITURE DE REGULARISATION 02/2025|1549,99|0,00|||20240610||
OD|Operations diverses|OD00051|20240610|447100|Autres impots, taxes et versements assimiles|||OD065642|20240610|ECRITURE DE REGULARISATION 02/2025|0,00|1549,99|||20240610||
OD|Operations diverses|OD00052|20241115|517000|Autres organismes financiers|||OD114794|20241115|ECRITURE DE REGULARISATION 02/2025|404,55|0,00|||20241118||
OD|Operations diverses|OD00052|20241115|438200|Charges sociales sur conges a payer|||OD114794|20241115|ECRITURE DE REGULARISATION 02/2025|0,00|404,55|||20241118||
OD|Operations diverses|OD00053|20240828|530000|Caisse|||OD084071|20240828|ECRITURE DE REGULARISATION 01/2025|256,66|0,00|||20240828||
OD|Operations diverses|OD00053|20240828|205000|Logiciels|||OD084071|20240828|ECRITURE DE REGULARISATION 01/2025|0,00|256,66|||20240828||
OD|Operations diverses|OD00054|20240308|796000|Transferts de charges financieres|||OD031536|20240308|ECRITURE DE REGULARISATION 02/2025|465,00|0,00|||20240311||
OD|Operations diverses|OD00054|20240308|751000|Redevances pour concessions, brevets, licences, etc.|||OD031536|20240308|ECRITURE DE REGULARISATION 02/2025|0,00|465,00|||20240311||
OD|Operations diverses|OD00055|20240701|665000|Escomptes accordes|||OD073841|20240701|ECRITURE DE REGULARISATION 01/2025|750,74|0,00|||20240703||
OD|Operations diverses|OD00055|20240701|511000|Valeurs a l'encaissement|||OD073841|20240701|ECRITURE DE REGULARISATION 01/2025|0,00|750,74|||20240703||
OD|Operations diverses|OD00056|20240920|758000|Produits divers de gestion courante|||OD094828|20240920|ECRITURE DE REGULARISATION 02/2025|1432,61|0,00|||20240926||
OD|Operations diverses|OD00056|20240920|431000|Securite sociale|||OD094828|20240920|ECRITURE DE REGULARISATION 02/2025|0,00|1432,61|||20240926||
OD|Operations diverses|OD00057|20240715|786500|Reprises sur provisions pour risques et charges financiers|||OD072765|20240715|ECRITURE DE REGULARISATION 02/2025|10,13|0,00|||20240722||
OD|Operations diverses|OD00057|20240715|211000|Terrains|||OD072765|20240715|ECRITURE DE REGULARISATION 02/2025|0,00|10,13|||20240722||
OD|Operations diverses|OD00058|20240322|664000|Pertes sur cessions de valeurs mobilieres de placement|||OD034873|20240322|ECRITURE DE REGULARISATION 02/2025|1868,74|0,00|||20240322||
OD|Operations diverses|OD00058|20240322|437000|Autres organismes sociaux|||OD034873|20240322|ECRITURE DE REGULARISATION 02/2025|0,00|1868,74|||20240322||
OD|Operations diverses|OD00059|20241219|408400|Fournisseurs d'immobilisations - Factures non parvenues|||OD127405|20241219|ECRITURE DE REGULARISATION 01/2025|428,18|0,00|||20241221||
OD|Operations diverses|OD00059|20241219|455000|Associes - Comptes courants|||OD127405|20241219|ECRITURE DE REGULARISATION 01/2025|0,00|428,18|||20241221||
OD|Operations diverses|OD00060|20240711|625100|Voyages et deplacements|||OD074542|20240711|ECRITURE DE REGULARISATION 01/2025|695,32|0,00|||20240713||
OD|Operations diverses|OD00060|20240711|511000|Valeurs a l'encaissement|||OD074542|20240711|ECRITURE DE REGULARISATION 01/2025|0,00|695,32|||20240713||
OD|Operations diverses|OD00061|20241016|623000|Publicite, publications, relations publiques|||OD104943|20241016|ECRITURE DE REGULARISATION 02/2025|459,77|0,00|||20241019||
OD|Operations diverses|OD00061|20241016|425000|Personnel - Avances et acomptes|||OD104943|20241016|ECRITURE DE REGULARISATION 02/2025|0,00|459,77|||20241019||
OD|Operations diverses|OD00062|20240430|201000|Frais d'etablissement|||OD042443|20240430|ECRITURE DE REGULARISATION 02/2025|19867,37|0,00|||20240502||
OD|Operations diverses|OD00062|20240430|512000|Banque principale|||OD042443|20240430|ECRITURE DE REGULARISATION 02/2025|0,00|19867,37|||20240502||
OD|Operations diverses|OD00063|20240610|701000|Ventes de produits finis|||OD061685|20240610|ECRITURE DE REGULARISATION 01/2025|1455,09|0,00|||20240612||
OD|Operations diverses|OD00063|20240610|612000|Redevances de credit-bail|||OD061685|20240610|ECRITURE DE REGULARISATION 01/2025|0,00|1455,09|||20240612||
OD|Operations diverses|OD00064|20240906|512100|Banque secondaire|||OD093076|20240906|ECRITURE DE REGULARISATION 01/2025|679,06|0,00|||20240911||
OD|Operations diverses|OD00064|20240906|231000|Immobilisations corporelles en cours|||OD093076|20240906|ECRITURE DE REGULARISATION 01/2025|0,00|679,06|||20240911||
OD|Operations diverses|OD00065|20240814|514000|Cheques postaux|||OD086567|20240814|ECRITURE DE REGULARISATION 02/2025|317,49|0,00|||20240817||
OD|Operations diverses|OD00065|20240814|781500|Reprises sur provisions pour risques et charges d'exploitation|||OD086567|20240814|ECRITURE DE REGULARISATION 02/2025|0,00|317,49|||20240817||
OD|Operations diverses|OD00066|20240712|611000|Sous-traitance generale|||OD077992|20240712|ECRITURE DE REGULARISATION 02/2025|412,74|0,00|||20240713||
OD|Operations diverses|OD00066|20240712|512100|Banque secondaire|||OD077992|20240712|ECRITURE DE REGULARISATION 02/2025|0,00|412,74|||20240713||
OD|Operations diverses|OD00067|20240731|687000|Dot. amort. et provisions exceptionnels|||OD076623|20240731|ECRITURE DE REGULARISATION 01/2025|1704,58|0,00|||20240807||
OD|Operations diverses|OD00067|20240731|512000|Banque principale|||OD076623|20240731|ECRITURE DE REGULARISATION 01/2025|0,00|1704,58|||20240807||
OD|Operations diverses|OD00068|20240110|281350|Amort. installations generales|||OD017901|20240110|ECRITURE DE REGULARISATION 01/2025|12664,70|0,00|||20240116||
OD|Operations diverses|OD00068|20240110|512000|Banque principale|||OD017901|20240110|ECRITURE DE REGULARISATION 01/2025|0,00|12664,70|||20240116||
OD|Operations diverses|OD00069|20240411|517000|Autres organismes financiers|||OD045320|20240411|ECRITURE DE REGULARISATION 02/2025|789,22|0,00|||20240412||
OD|Operations diverses|OD00069|20240411|413000|Clients - Effets a recevoir|||OD045320|20240411|ECRITURE DE REGULARISATION 02/2025|0,00|789,22|||20240412||
OD|Operations diverses|OD00070|20241121|168800|Interets courus sur emprunts|||OD111597|20241121|ECRITURE DE REGULARISATION 01/2025|135,11|0,00|||20241127||
OD|Operations diverses|OD00070|20241121|761000|Produits de participations|||OD111597|20241121|ECRITURE DE REGULARISATION 01/2025|0,00|135,11|||20241127||
OD|Operations diverses|OD00071|20240920|401000|Fournisseurs|F00005|BUREAU VERITAS|OD093480|20240920|ECRITURE DE REGULARISATION 01/2025|1195,85|0,00|||20240924||
OD|Operations diverses|OD00071|20240920|512100|Banque secondaire|||OD093480|20240920|ECRITURE DE REGULARISATION 01/2025|0,00|1195,85|||20240924||
OD|Operations diverses|OD00072|20240724|621000|Personnel exterieur a l'entreprise|||OD077172|20240724|ECRITURE DE REGULARISATION 02/2025|1042,63|0,00|||20240731||
OD|Operations diverses|OD00072|20240724|445520|TVA due intracommunautaire|||OD077172|20240724|ECRITURE DE REGULARISATION 02/2025|0,00|1042,63|||20240731||
OD|Operations diverses|OD00073|20240905|775000|Produits des cessions d'elements d'actif|||OD096978|20240905|ECRITURE DE REGULARISATION 01/2025|89,13|0,00|||20240911||
OD|Operations diverses|OD00073|20240905|451000|Groupe|||OD096978|20240905|ECRITURE DE REGULARISATION 01/2025|0,00|89,13|||20240911||
OD|Operations diverses|OD00074|20240611|627000|Services bancaires et assimiles|||OD066843|20240611|ECRITURE DE REGULARISATION 01/2025|1056,86|0,00|||20240617||
OD|Operations diverses|OD00074|20240611|445870|TVA sur factures a etablir|||OD066843|20240611|ECRITURE DE REGULARISATION 01/2025|0,00|1056,86|||20240617||
OD|Operations diverses|OD00075|20240209|213100|Constructions - Batiments|||OD021745|20240209|ECRITURE DE REGULARISATION 02/2025|2485,63|0,00|||20240211||
OD|Operations diverses|OD00075|20240209|486000|Charges constatees d'avance|||OD021745|20240209|ECRITURE DE REGULARISATION 02/2025|0,00|2485,63|||20240211||
OD|Operations diverses|OD00076|20240724|106800|Autres reserves|||OD074691|20240724|ECRITURE DE REGULARISATION 02/2025|406,04|0,00|||20240727||
OD|Operations diverses|OD00076|20240724|168800|Interets courus sur emprunts|||OD074691|20240724|ECRITURE DE REGULARISATION 02/2025|0,00|406,04|||20240727||
OD|Operations diverses|OD00077|20240614|215400|Materiel industriel|||OD064903|20240614|ECRITURE DE REGULARISATION 01/2025|9737,34|0,00|||20240616||
OD|Operations diverses|OD00077|20240614|404000|Fournisseurs d'immobilisations|||OD064903|20240614|ECRITURE DE REGULARISATION 01/2025|0,00|9737,34|||20240616||
OD|Operations diverses|OD00078|20241105|468600|Charges a payer|||OD115725|20241105|ECRITURE DE REGULARISATION 01/2025|318,26|0,00|||20241105||
OD|Operations diverses|OD00078|20241105|681500|Dot. provisions pour risques et charges d'exploitation|||OD115725|20241105|ECRITURE DE REGULARISATION 01/2025|0,00|318,26|||20241105||
OD|Operations diverses|OD00079|20240131|681500|Dot. provisions pour risques et charges d'exploitation|||OD015935|20240131|ECRITURE DE REGULARISATION 01/2025|989,05|0,00|||20240207||
OD|Operations diverses|OD00079|20240131|445670|TVA collectee|||OD015935|20240131|ECRITURE DE REGULARISATION 01/2025|0,00|989,05|||20240207||
OD|Operations diverses|OD00080|20240412|518100|Interets courus a payer|||OD045549|20240412|ECRITURE DE REGULARISATION 01/2025|306,97|0,00|||20240415||
OD|Operations diverses|OD00080|20240412|101000|Capital social|||OD045549|20240412|ECRITURE DE REGULARISATION 01/2025|0,00|306,97|||20240415||
OD|Operations diverses|OD00081|20240912|411000|Clients|C00004|CLIENT DELTA|OD098823|20240912|ECRITURE DE REGULARISATION 01/2025|7801,96|0,00|||20240916||
OD|Operations diverses|OD00081|20240912|421000|Personnel - Remunerations dues|||OD098823|20240912|ECRITURE DE REGULARISATION 01/2025|0,00|7801,96|||20240916||
OD|Operations diverses|OD00082|20240405|447100|Autres impots, taxes et versements assimiles|||OD046301|20240405|ECRITURE DE REGULARISATION 02/2025|90,03|0,00|||20240410||
OD|Operations diverses|OD00082|20240405|695000|Impots sur les benefices|||OD046301|20240405|ECRITURE DE REGULARISATION 02/2025|0,00|90,03|||20240410||
OD|Operations diverses|OD00083|20240216|445510|TVA a decaisser|||OD022175|20240216|ECRITURE DE REGULARISATION 01/2025|778,86|0,00|||20240219||
OD|Operations diverses|OD00083|20240216|615200|Entretien et reparations sur biens immobiliers|||OD022175|20240216|ECRITURE DE REGULARISATION 01/2025|0,00|778,86|||20240219||
OD|Operations diverses|OD00084|20240816|441000|Etat - Impot sur les benefices|||OD087951|20240816|ECRITURE DE REGULARISATION 02/2025|403,95|0,00|||20240816||
OD|Operations diverses|OD00084|20240816|371000|Stock de marchandises|||OD087951|20240816|ECRITURE DE REGULARISATION 02/2025|0,00|403,95|||20240816||
OD|Operations diverses|OD00085|20241122|445510|TVA a decaisser|||OD112808|20241122|ECRITURE DE REGULARISATION 01/2025|533,78|0,00|||20241123||
OD|Operations diverses|OD00085|20241122|625700|Receptions|||OD112808|20241122|ECRITURE DE REGULARISATION 01/2025|0,00|533,78|||20241123||
OD|Operations diverses|OD00086|20241011|370000|Marchandises|||OD106045|20241011|ECRITURE DE REGULARISATION 02/2025|261,15|0,00|||20241015||
OD|Operations diverses|OD00086|20241011|612000|Redevances de credit-bail|||OD106045|20241011|ECRITURE DE REGULARISATION 02/2025|0,00|261,15|||20241015||
OD|Operations diverses|OD00087|20240326|218100|Installations generales, agencements divers|||OD038337|20240326|ECRITURE DE REGULARISATION 02/2025|1702,88|0,00|||20240331||
OD|Operations diverses|OD00087|20240326|512000|Banque principale|||OD038337|20240326|ECRITURE DE REGULARISATION 02/2025|0,00|1702,88|||20240331||
OD|Operations diverses|OD00088|20240123|350000|Produits finis|||OD015289|20240123|ECRITURE DE REGULARISATION 02/2025|697,11|0,00|||20240129||
OD|Operations diverses|OD00088|20240123|416000|Clients douteux|||OD015289|20240123|ECRITURE DE REGULARISATION 02/2025|0,00|697,11|||20240129||
OD|Operations diverses|OD00089|20241213|371000|Stock de marchandises|||OD128968|20241213|ECRITURE DE REGULARISATION 02/2025|768,68|0,00|||20241215||
OD|Operations diverses|OD00089|20241213|762000|Produits des autres immobilisations financieres|||OD128968|20241213|ECRITURE DE REGULARISATION 02/2025|0,00|768,68|||20241215||
OD|Operations diverses|OD00090|20241108|781740|Reprises sur provisions sur creances|||OD114879|20241108|ECRITURE DE REGULARISATION 01/2025|1623,56|0,00|||20241109||
OD|Operations diverses|OD00090|20241108|611000|Sous-traitance generale|||OD114879|20241108|ECRITURE DE REGULARISATION 01/2025|0,00|1623,56|||20241109||
OD|Operations diverses|OD00091|20240719|681500|Dot. provisions pour risques et charges d'exploitation|||OD074442|20240719|ECRITURE DE REGULARISATION 01/2025|678,41|0,00|||20240723||
OD|Operations diverses|OD00091|20240719|408400|Fournisseurs d'immobilisations - Factures non parvenues|||OD074442|20240719|ECRITURE DE REGULARISATION 01/2025|0,00|678,41|||20240723||
OD|Operations diverses|OD00092|20240827|413000|Clients - Effets a recevoir|||OD083522|20240827|ECRITURE DE REGULARISATION 01/2025|558,90|0,00|||20240903||
OD|Operations diverses|OD00092|20240827|681110|Dot. amort. sur immo. incorporelles|||OD083522|20240827|ECRITURE DE REGULARISATION 01/2025|0,00|558,90|||20240903||
OD|Operations diverses|OD00093|20240419|213100|Constructions - Batiments|||OD044590|20240419|ECRITURE DE REGULARISATION 01/2025|7600,45|0,00|||20240423||
OD|Operations diverses|OD00093|20240419|512000|Banque principale|||OD044590|20240419|ECRITURE DE REGULARISATION 01/2025|0,00|7600,45|||20240423||
OD|Operations diverses|OD00094|20240827|791000|Transferts de charges d'exploitation|||OD081930|20240827|ECRITURE DE REGULARISATION 01/2025|1413,44|0,00|||20240902||
OD|Operations diverses|OD00094|20240827|606800|Autres matieres et fournitures|||OD081930|20240827|ECRITURE DE REGULARISATION 01/2025|0,00|1413,44|||20240902||
OD|Operations diverses|OD00095|20240802|281810|Amort. installations generales|||OD081032|20240802|ECRITURE DE REGULARISATION 01/2025|19899,33|0,00|||20240805||
OD|Operations diverses|OD00095|20240802|512100|Banque secondaire|||OD081032|20240802|ECRITURE DE REGULARISATION 01/2025|0,00|19899,33|||20240805||
OD|Operations diverses|OD00096|20240719|623100|Annonces et insertions|||OD076729|20240719|ECRITURE DE REGULARISATION 01/2025|1749,85|0,00|||20240726||
OD|Operations diverses|OD00096|20240719|437000|Autres organismes sociaux|||OD076729|20240719|ECRITURE DE REGULARISATION 01/2025|0,00|1749,85|||20240726||
OD|Operations diverses|OD00097|20240101|675000|Valeurs comptables des elements d'actif cedes|||OD019037|20240101|ECRITURE DE REGULARISATION 01/2025|1068,56|0,00|||20240101||
OD|Operations diverses|OD00097|20240101|447100|Autres impots, taxes et versements assimiles|||OD019037|20240101|ECRITURE DE REGULARISATION 01/2025|0,00|1068,56|||20240101||
OD|Operations diverses|OD00098|20240122|468600|Charges a payer|||OD017742|20240122|ECRITURE DE REGULARISATION 01/2025|798,91|0,00|||20240128||
OD|Operations diverses|OD00098|20240127|771000|Produits exceptionnels sur operations de gestion|||OD017742|20240122|ECRITURE DE REGULARISATION 01/2025|0,00|798,91|||20240128||
OD|Operations diverses|OD00099|20241129|280500|Amort. logiciels|||OD112290|20241129|ECRITURE DE REGULARISATION 02/2025|16001,30|0,00|||20241130||
OD|Operations diverses|OD00099|20241129|512000|Banque principale|||OD112290|20241129|ECRITURE DE REGULARISATION 02/2025|0,00|16001,30|||20241130||
OD|Operations diverses|OD00100|20240328|618500|Frais de colloques, seminaires, conferences|||OD032089|20240328|ECRITURE DE REGULARISATION 01/2025|781,94|0,00|||20240404||
OD|Operations diverses|OD00100|20240328|512000|Banque principale|||OD032089|20240328|ECRITURE DE REGULARISATION 01/2025|0,00|781,94|||20240404||
OD|Operations diverses|OD00101|20240116|691000|Participation des salaries aux resultats|||OD013685|20240116|ECRITURE DE REGULARISATION 01/2025|88,36|0,00|||20240120||
OD|Operations diverses|OD00101|20240116|438200|Charges sociales sur conges a payer|||OD013685|20240116|ECRITURE DE REGULARISATION 01/2025|0,00|88,36|||20240120||
OD|Operations diverses|OD00102|20240401|658000|Charges diverses de gestion courante|||OD044979|20240401|ECRITURE DE REGULARISATION 02/2025|682,60|0,00|||20240401||
OD|Operations diverses|OD00102|20240401|419100|Clients - Avances et acomptes recus|||OD044979|20240401|ECRITURE DE REGULARISATION 02/2025|0,00|682,60|||20240401||
OD|Operations diverses|OD00103|20240716|681110|Dot. amort. sur immo. incorporelles|||OD075688|20240716|ECRITURE DE REGULARISATION 02/2025|1306,19|0,00|||20240721||
OD|Operations diverses|OD00103|20240716|455000|Associes - Comptes courants|||OD075688|20240716|ECRITURE DE REGULARISATION 02/2025|0,00|1306,19|||20240721||
OD|Operations diverses|OD00104|20240206|512000|Banque principale|||OD027460|20240206|ECRITURE DE REGULARISATION 01/2025|1531,40|0,00|||20240211||
OD|Operations diverses|OD00104|20240206|120000|Resultat de l'exercice|||OD027460|20240206|ECRITURE DE REGULARISATION 01/2025|0,00|1531,40|||20240211||
OD|Operations diverses|OD00105|20240227|761000|Produits de participations|||OD029810|20240227|ECRITURE DE REGULARISATION 02/2025|361,33|0,00|||20240304||
OD|Operations diverses|OD00105|20240227|280500|Amort. logiciels|||OD029810|20240227|ECRITURE DE REGULARISATION 02/2025|0,00|361,33|||20240304||
OD|Operations diverses|OD00106|20240214|431000|Securite sociale|||OD022520|20240214|ECRITURE DE REGULARISATION 02/2025|321,57|0,00|||20240214||
OD|Operations diverses|OD00106|20240214|281830|Amort. materiel de bureau|||OD022520|20240214|ECRITURE DE REGULARISATION 02/2025|0,00|321,57|||20240214||
OD|Operations diverses|OD00107|20240126|618500|Frais de colloques, seminaires, conferences|||OD019080|20240126|ECRITURE DE REGULARISATION 01/2025|106,65|0,00|||20240128||
OD|Operations diverses|OD00107|20240126|455000|Associes - Comptes courants|||OD019080|20240126|ECRITURE DE REGULARISATION 01/2025|0,00|106,65|||20240128||
OD|Operations diverses|OD00108|20240712|602200|Achats de fournitures consommables|||OD071007|20240712|ECRITURE DE REGULARISATION 02/2025|516,83|0,00|||20240715||
OD|Operations diverses|OD00108|20240712|401000|Fournisseurs|F00002|TELECOM SAS|OD071007|20240712|ECRITURE DE REGULARISATION 02/2025|0,00|516,83|||20240715||
OD|Operations diverses|OD00109|20240510|508000|Interets courus sur VMP|||OD052735|20240510|ECRITURE DE REGULARISATION 02/2025|746,94|0,00|||20240516||
OD|Operations diverses|OD00109|20240510|428200|Personnel - Conges payes|||OD052735|20240510|ECRITURE DE REGULARISATION 02/2025|0,00|746,94|||20240516||
OD|Operations diverses|OD00110|20240606|455000|Associes - Comptes courants|||OD064422|20240606|ECRITURE DE REGULARISATION 01/2025|148,88|0,00|||20240612||
OD|Operations diverses|OD00110|20240606|754000|Ristournes percues des cooperatives|||OD064422|20240606|ECRITURE DE REGULARISATION 01/2025|0,00|148,88|||20240612||
OD|Operations diverses|OD00111|20240315|371000|Stock de marchandises|||OD032610|20240315|ECRITURE DE REGULARISATION 01/2025|797,28|0,00|||20240322||
OD|Operations diverses|OD00111|20240315|740000|Subventions d'exploitation|||OD032610|20240315|ECRITURE DE REGULARISATION 01/2025|0,00|797,28|||20240322||
OD|Operations diverses|OD00112|20241113|427000|Personnel - Oppositions|||OD117263|20241113|ECRITURE DE REGULARISATION 01/2025|245,46|0,00|||20241114||
OD|Operations diverses|OD00112|20241113|622700|Frais d'actes et de contentieux|||OD117263|20241113|ECRITURE DE REGULARISATION 01/2025|0,00|245,46|||20241114||
OD|Operations diverses|OD00113|20240830|408400|Fournisseurs d'immobilisations - Factures non parvenues|||OD085546|20240830|ECRITURE DE REGULARISATION 02/2025|120,45|0,00|||20240904||
OD|Operations diverses|OD00113|20240830|651000|Redevances pour concessions, brevets, licences, etc.|||OD085546|20240830|ECRITURE DE REGULARISATION 02/2025|0,00|120,45|||20240904||
OD|Operations diverses|OD00114|20240503|602100|Achats de matieres consommables|||OD055398|20240503|ECRITURE DE REGULARISATION 02/2025|909,36|0,00|||20240507||
OD|Operations diverses|OD00114|20240503|401000|Fournisseurs|F00008|TRANSPORT EXPRESS|OD055398|20240503|ECRITURE DE REGULARISATION 02/2025|0,00|909,36|||20240507||
OD|Operations diverses|OD00115|20240823|762000|Produits des autres immobilisations financieres|||OD086200|20240823|ECRITURE DE REGULARISATION 01/2025|884,28|0,00|||20240824||
OD|Operations diverses|OD00115|20240823|350000|Produits finis|||OD086200|20240823|ECRITURE DE REGULARISATION 01/2025|0,00|884,28|||20240824||
OD|Operations diverses|OD00116|20241101|763000|Revenus des autres creances|||OD119979|20241101|ECRITURE DE REGULARISATION 02/2025|998,06|0,00|||20241102||
OD|Operations diverses|OD00116|20241101|781740|Reprises sur provisions sur creances|||OD119979|20241101|ECRITURE DE REGULARISATION 02/2025|0,00|998,06|||20241102||
OD|Operations diverses|OD00117|20240205|437000|Autres organismes sociaux|||OD021082|20240205|ECRITURE DE REGULARISATION 01/2025|137,52|0,00|||20240210||
OD|Operations diverses|OD00117|20240205|455000|Associes - Comptes courants|||OD021082|20240205|ECRITURE DE REGULARISATION 01/2025|0,00|137,52|||20240210||
OD|Operations diverses|OD00118|20240117|508000|Interets courus sur VMP|||OD012321|20240117|ECRITURE DE REGULARISATION 01/2025|734,60|0,00|||20240122||
OD|Operations diverses|OD00118|20240117|411000|Clients|C00005|CLIENT EPSILON|OD012321|20240117|ECRITURE DE REGULARISATION 01/2025|0,00|734,60|S7|20241209|20240122||
OD|Operations diverses|OD00119|20240403|681110|Dot. amort. sur immo. incorporelles|||OD046528|20240403|ECRITURE DE REGULARISATION 01/2025|1250,21|0,00|||20240406||
OD|Operations diverses|OD00119|20240403|518100|Interets courus a payer|||OD046528|20240403|ECRITURE DE REGULARISATION 01/2025|0,00|1250,21|||20240406||
OD|Operations diverses|OD00120|20240510|281820|Amort. materiel de transport|||OD057868|20240510|ECRITURE DE REGULARISATION 02/2025|15055,22|0,00|||20240510||
OD|Operations diverses|OD00120|20240510|404000|Fournisseurs d'immobilisations|||OD057868|20240510|ECRITURE DE REGULARISATION 02/2025|0,00|15055,22|||20240510||
OD|Operations diverses|OD00121|20240826|611000|Sous-traitance generale|||OD088327|20240826|ECRITURE DE REGULARISATION 02/2025|125,13|0,00|||20240829||
OD|Operations diverses|OD00121|20240826|445620|TVA deductible sur immobilisations|||OD088327|20240826|ECRITURE DE REGULARISATION 02/2025|0,00|125,13|||20240829||
OD|Operations diverses|OD00122|20240612|614000|Charges locatives|||OD061345|20240612|ECRITURE DE REGULARISATION 02/2025|1707,22|0,00|||20240612||
OD|Operations diverses|OD00122|20240612|514000|Cheques postaux|||OD061345|20240612|ECRITURE DE REGULARISATION 02/2025|0,00|1707,22|||20240612||
OD|Operations diverses|OD00123|20240830|709000|Rabais, remises et ristournes accordes|||OD082225|20240830|ECRITURE DE REGULARISATION 01/2025|1811,93|0,00|||20240906||
OD|Operations diverses|OD00123|20240830|445520|TVA due intracommunautaire|||OD082225|20240830|ECRITURE DE REGULARISATION 01/2025|0,00|1811,93|||20240906||
OD|Operations diverses|OD00124|20240312|590000|Depreciation des valeurs mobilieres de placement|||OD031207|20240312|ECRITURE DE REGULARISATION 01/2025|692,30|0,00|||20240312||
OD|Operations diverses|OD00124|20240312|708500|Ports et frais accessoires factures|||OD031207|20240312|ECRITURE DE REGULARISATION 01/2025|0,00|692,30|||20240312||
OD|Operations diverses|OD00125|20240531|614000|Charges locatives|||OD058784|20240531|ECRITURE DE REGULARISATION 01/2025|1985,24|0,00|||20240603||
OD|Operations diverses|OD00125|20240531|413000|Clients - Effets a recevoir|||OD058784|20240531|ECRITURE DE REGULARISATION 01/2025|0,00|1985,24|||20240603||
OD|Operations diverses|OD00126|20241115|707000|Ventes de marchandises|||OD117242|20241115|ECRITURE DE REGULARISATION 01/2025|544,76|0,00|||20241116||
OD|Operations diverses|OD00126|20241115|658000|Charges diverses de gestion courante|||OD117242|20241115|ECRITURE DE REGULARISATION 01/2025|0,00|544,76|||20241116||
OD|Operations diverses|OD00127|20240805|486000|Charges constatees d'avance|||OD088306|20240805|ECRITURE DE REGULARISATION 02/2025|565,81|0,00|||20240807||
OD|Operations diverses|OD00127|20240805|441000|Etat - Impot sur les benefices|||OD088306|20240805|ECRITURE DE REGULARISATION 02/2025|0,00|565,81|||20240807||
OD|Operations diverses|OD00128|20240813|628100|Concours divers (cotisations...)|||OD084024|20240813|ECRITURE DE REGULARISATION 01/2025|1134,12|0,00|||20240818||
OD|Operations diverses|OD00128|20240813|517000|Autres organismes financiers|||OD084024|20240813|ECRITURE DE REGULARISATION 01/2025|0,00|1134,12|||20240818||
OD|Operations diverses|OD00129|20241112|625100|Voyages et deplacements|||OD115405|20241112|ECRITURE DE REGULARISATION 01/2025|834,05|0,00|||20241112||
OD|Operations diverses|OD00129|20241112|518700|Interets courus a recevoir|||OD115405|20241112|ECRITURE DE REGULARISATION 01/2025|0,00|834,05|||20241112||
OD|Operations diverses|OD00130|20240202|530000|Caisse|||OD027662|20240202|ECRITURE DE REGULARISATION 02/2025|310,86|0,00|||20240209||
OD|Operations diverses|OD00130|20240202|580000|Virements internes|||OD027662|20240202|ECRITURE DE REGULARISATION 02/2025|0,00|310,86|||20240209||
OD|Operations diverses|OD00131|20241120|635000|Autres impots, taxes et versements assimiles|||OD113035|20241120|ECRITURE DE REGULARISATION 02/2025|1270,24|0,00|||20241122||
OD|Operations diverses|OD00131|20241120|468600|Charges a payer|||OD113035|20241120|ECRITURE DE REGULARISATION 02/2025|0,00|1270,24|||20241122||
OD|Operations diverses|OD00132|20240119|371000|Stock de marchandises|||OD015969|20240119|ECRITURE DE REGULARISATION 01/2025|735,44|0,00|||20240119||
OD|Operations diverses|OD00132|20240119|606800|Autres matieres et fournitures|||OD015969|20240119|ECRITURE DE REGULARISATION 01/2025|0,00|735,44|||20240119||
OD|Operations diverses|OD00133|20240607|781740|Reprises sur provisions sur creances|||OD064030|20240607|ECRITURE DE REGULARISATION 01/2025|206,52|0,00|||20240609||
OD|Operations diverses|OD00133|20240607|616000|Primes d'assurance|||OD064030|20240607|ECRITURE DE REGULARISATION 01/2025|0,00|206,52|||20240609||
OD|Operations diverses|OD00134|20240906|681740|Dot. provisions sur creances|||OD092538|20240906|ECRITURE DE REGULARISATION 01/2025|565,03|0,00|||20240908||
OD|Operations diverses|OD00134|20240906|437000|Autres organismes sociaux|||OD092538|20240906|ECRITURE DE REGULARISATION 01/2025|0,00|565,03|||20240908||
OD|Operations diverses|OD00135|20241016|661000|Charges d'interets|||OD108848|20241016|ECRITURE DE REGULARISATION 02/2025|1555,00|0,00|||20241017||
OD|Operations diverses|OD00135|20241016|428200|Personnel - Conges payes|||OD108848|20241016|ECRITURE DE REGULARISATION 02/2025|0,00|1555,00|||20241017||
OD|Operations diverses|OD00136|20240216|281540|Amort. materiel industriel|||OD022542|20240216|ECRITURE DE REGULARISATION 01/2025|13200,68|0,00|||20240222||
OD|Operations diverses|OD00136|20240216|512000|Banque principale|||OD022542|20240216|ECRITURE DE REGULARISATION 01/2025|0,00|13200,68|||20240222||
OD|Operations diverses|OD00137|20240712|231000|Immobilisations corporelles en cours|||OD079684|20240712|ECRITURE DE REGULARISATION 01/2025|16403,68|0,00|||20240713||
OD|Operations diverses|OD00137|20240712|404000|Fournisseurs d'immobilisations|||OD079684|20240712|ECRITURE DE REGULARISATION 01/2025|0,00|16403,68|||20240713||
OD|Operations diverses|OD00138|20240101|203000|Frais de recherche et developpement|||OD012647|20240101|ECRITURE DE REGULARISATION 01/2025|19314,70|0,00|||20240107||
OD|Operations diverses|OD00138|20240101|512000|Banque principale|||OD012647|20240101|ECRITURE DE REGULARISATION 01/2025|0,00|19314,70|||20240107||
OD|Operations diverses|OD00139|20241126|641000|Remunerations du personnel|||OD119540|20241126|ECRITURE DE REGULARISATION 02/2025|1332,37|0,00|||20241129||
OD|Operations diverses|OD00139|20241126|408100|Fournisseurs - Factures non parvenues|||OD119540|20241126|ECRITURE DE REGULARISATION 02/2025|0,00|1332,37|||20241129||
OD|Operations diverses|OD00140|20240927|213100|Constructions - Batiments|||OD098939|20240927|ECRITURE DE REGULARISATION 01/2025|11683,65|0,00|||20241004||
OD|Operations diverses|OD00140|20240927|512100|Banque secondaire|||OD098939|20240927|ECRITURE DE REGULARISATION 01/2025|0,00|11683,65|||20241004||
OD|Operations diverses|OD00141|20240126|612000|Redevances de credit-bail|||OD018441|20240126|ECRITURE DE REGULARISATION 01/2025|235,00|0,00|||20240127||
OD|Operations diverses|OD00141|20240126|401000|Fournisseurs|F00010|ELECTRICITE DE FRANCE|OD018441|20240126|ECRITURE DE REGULARISATION 01/2025|0,00|235,00|C7|20241203|20240127||
OD|Operations diverses|OD00142|20240524|455000|Associes - Comptes courants|||OD054996|20240524|ECRITURE DE REGULARISATION 01/2025|812,60|0,00|||20240529||
OD|Operations diverses|OD00142|20240524|681120|Dot. amort. sur immo. corporelles|||OD054996|20240524|ECRITURE DE REGULARISATION 01/2025|0,00|812,60|||20240529||
OD|Operations diverses|OD00143|20240131|218100|Installations generales, agencements divers|||OD017267|20240131|ECRITURE DE REGULARISATION 01/2025|19452,85|0,00|||20240203||
OD|Operations diverses|OD00143|20240131|404000|Fournisseurs d'immobilisations|||OD017267|20240131|ECRITURE DE REGULARISATION 01/2025|0,00|19452,85|||20240203||
OD|Operations diverses|OD00144|20240214|211000|Terrains|||OD021295|20240214|ECRITURE DE REGULARISATION 02/2025|19480,98|0,00|||20240216||
OD|Operations diverses|OD00144|20240214|404000|Fournisseurs d'immobilisations|||OD021295|20240214|ECRITURE DE REGULARISATION 02/2025|0,00|19480,98|||20240216||
OD|Operations diverses|OD00145|20240419|618500|Frais de colloques, seminaires, conferences|||OD049325|20240419|ECRITURE DE REGULARISATION 01/2025|1443,11|0,00|||20240424||
OD|Operations diverses|OD00145|20240419|445860|TVA sur factures non parvenues|||OD049325|20240419|ECRITURE DE REGULARISATION 01/2025|0,00|1443,11|||20240424||
OD|Operations diverses|OD00146|20240112|612000|Redevances de credit-bail|||OD012816|20240112|ECRITURE DE REGULARISATION 02/2025|514,58|0,00|||20240117||
OD|Operations diverses|OD00146|20240112|428200|Personnel - Conges payes|||OD012816|20240112|ECRITURE DE REGULARISATION 02/2025|0,00|514,58|||20240117||
OD|Operations diverses|OD00147|20240802|580000|Virements internes|||OD087006|20240802|ECRITURE DE REGULARISATION 02/2025|384,54|0,00|||20240807||
OD|Operations diverses|OD00147|20240802|786500|Reprises sur provisions pour risques et charges financiers|||OD087006|20240802|ECRITURE DE REGULARISATION 02/2025|0,00|384,54|||20240807||
OD|Operations diverses|OD00148|20241004|671000|Charges exceptionnelles sur operations de gestion|||OD106713|20241004|ECRITURE DE REGULARISATION 01/2025|1258,88|0,00|||20241009||
OD|Operations diverses|OD00148|20241004|518700|Interets courus a recevoir|||OD106713|20241004|ECRITURE DE REGULARISATION 01/2025|0,00|1258,88|||20241009||
OD|Operations diverses|OD00149|20240409|425000|Personnel - Avances et acomptes|||OD041658|20240409|ECRITURE DE REGULARISATION 01/2025|37,19|0,00|||20240413||
OD|Operations diverses|OD00149|20240409|106100|Reserve legale|||OD041658|20240409|ECRITURE DE REGULARISATION 01/2025|0,00|37,19|||20240413||
OD|Operations diverses|OD00150|20240101|408100|Fournisseurs - Factures non parvenues|||OD013341|20240101|ECRITURE DE REGULARISATION 02/2025|601,65|0,00|||20240107||
OD|Operations diverses|OD00150|20240101|614000|Charges locatives|||OD013341|20240101|ECRITURE DE REGULARISATION 02/2025|0,00|601,65|||20240107||
OD|Operations diverses|OD00151|20240604|514000|Cheques postaux|||OD067608|20240604|ECRITURE DE REGULARISATION 02/2025|226,14|0,00|||20240610||
OD|Operations diverses|OD00151|20240604|445510|TVA a decaisser|||OD067608|20240604|ECRITURE DE REGULARISATION 02/2025|0,00|226,14|||20240610||
OD|Operations diverses|OD00152|20240528|665000|Escomptes accordes|||OD051422|20240528|ECRITURE DE REGULARISATION 01/2025|301,21|0,00|||20240602||
OD|Operations diverses|OD00152|20240528|487000|Produits constates d'avance|||OD051422|20240528|ECRITURE DE REGULARISATION 01/2025|0,00|301,21|||20240602||
OD|Operations diverses|OD00153|20240626|691000|Participation des salaries aux resultats|||OD066442|20240626|ECRITURE DE REGULARISATION 01/2025|1074,18|0,00|||20240626||
OD|Operations diverses|OD00153|20240626|413000|Clients - Effets a recevoir|||OD066442|20240626|ECRITURE DE REGULARISATION 01/2025|0,00|1074,18|||20240626||
OD|Operations diverses|OD00154|20240110|623000|Publicite, publications, relations publiques|||OD019432|20240110|ECRITURE DE REGULARISATION 02/2025|1892,29|0,00|||20240111||
OD|Operations diverses|OD00154|20240110|445860|TVA sur factures non parvenues|||OD019432|20240110|ECRITURE DE REGULARISATION 02/2025|0,00|1892,29|||20240111||
OD|Operations diverses|OD00155|20240405|205000|Logiciels|||OD047417|20240405|ECRITURE DE REGULARISATION 01/2025|12304,15|0,00|||20240410||
OD|Operations diverses|OD00155|20240405|512000|Banque principale|||OD047417|20240405|ECRITURE DE REGULARISATION 01/2025|0,00|12304,15|||20240410||
OD|Operations diverses|OD00156|20241025|445660|TVA deductible sur ABS|||OD102376|20241025|ECRITURE DE REGULARISATION 01/2025|325,64|0,00|||20241101||
OD|Operations diverses|OD00156|20241025|468600|Charges a payer|||OD102376|20241025|ECRITURE DE REGULARISATION 01/2025|0,00|325,64|||20241101||
OD|Operations diverses|OD00157|20240704|471000|Compte d'attente|||OD072019|20240704|ECRITURE DE REGULARISATION 01/2025|913,52|0,00|||20240705||
OD|Operations diverses|OD00157|20240704|580000|Virements internes|||OD072019|20240704|ECRITURE DE REGULARISATION 01/2025|0,00|913,52|||20240705||
OD|Operations diverses|OD00158|20240226|615600|Maintenance|||OD025855|20240226|ECRITURE DE REGULARISATION 01/2025|1173,60|0,00|||20240227||
OD|Operations diverses|OD00158|20240226|445870|TVA sur factures a etablir|||OD025855|20240226|ECRITURE DE REGULARISATION 01/2025|0,00|1173,60|||20240227||
OD|Operations diverses|OD00159|20240104|616000|Primes d'assurance|||OD015543|20240104|ECRITURE DE REGULARISATION 02/2025|1541,00|0,00|||20240105||
OD|Operations diverses|OD00159|20240104|416000|Clients douteux|||OD015543|20240104|ECRITURE DE REGULARISATION 02/2025|0,00|1541,00|||20240105||
OD|Operations diverses|OD00160|20240916|781500|Reprises sur provisions pour risques et charges d'exploitation|||OD098175|20240916|ECRITURE DE REGULARISATION 01/2025|34,38|0,00|||20240922||
OD|Operations diverses|OD00160|20240916|508000|Interets courus sur VMP|||OD098175|20240916|ECRITURE DE REGULARISATION 01/2025|0,00|34,38|||20240922||
OD|Operations diverses|OD00161|20240624|218400|Mobilier|||OD064785|20240624|ECRITURE DE REGULARISATION 02/2025|10230,21|0,00|||20240627||
OD|Operations diverses|OD00161|20240624|404000|Fournisseurs d'immobilisations|||OD064785|20240624|ECRITURE DE REGULARISATION 02/2025|0,00|10230,21|||20240627||
OD|Operations diverses|OD00162|20240618|664000|Pertes sur cessions de valeurs mobilieres de placement|||OD063336|20240618|ECRITURE DE REGULARISATION 01/2025|1072,20|0,00|||20240624||
OD|Operations diverses|OD00162|20240618|445520|TVA due intracommunautaire|||OD063336|20240618|ECRITURE DE REGULARISATION 01/2025|0,00|1072,20|||20240624||
OD|Operations diverses|OD00163|20240105|445860|TVA sur factures non parvenues|||OD013213|20240105|ECRITURE DE REGULARISATION 02/2025|736,37|0,00|||20240110||
OD|Operations diverses|OD00163|20240105|281810|Amort. installations generales|||OD013213|20240105|ECRITURE DE REGULARISATION 02/2025|0,00|736,37|||20240110||
OD|Operations diverses|OD00164|20240130|786500|Reprises sur provisions pour risques et charges financiers|||OD016840|20240130|ECRITURE DE REGULARISATION 02/2025|349,89|0,00|||20240131||
OD|Operations diverses|OD00164|20240130|447100|Autres impots, taxes et versements assimiles|||OD016840|20240130|ECRITURE DE REGULARISATION 02/2025|0,00|349,89|||20240131||
OD|Operations diverses|OD00165|20240906|602260|Achats d'emballages|||OD099389|20240906|ECRITURE DE REGULARISATION 02/2025|1067,68|0,00|||20240910||
OD|Operations diverses|OD00165|20240906|445870|TVA sur factures a etablir|||OD099389|20240906|ECRITURE DE REGULARISATION 02/2025|0,00|1067,68|||20240910||
VE|Ventes|VE00001|20240305|418100|Clients - Factures a etablir|||VE035155|20240305|FACT CLIENT CLIENT BETA 697501|300,05|0,00|||20240310||
VE|Ventes|VE00001|20240305|706000|Prestations de services|||VE035155|20240305|FACT CLIENT CLIENT BETA 697501|0,00|300,05|||20240310||
VE|Ventes|VE00002|20241025|416000|Clients douteux|||VE101422|20241025|FACT CLIENT CLIENT DELTA 435413|575,59|0,00|||20241028||
VE|Ventes|VE00002|20241025|411000|Clients|C00001|CLIENT ALPHA|VE101422|20241025|FACT CLIENT CLIENT DELTA 435413|0,00|575,59|||20241028||
VE|Ventes|VE00003|20241024|701000|Ventes de produits finis|||VE102109|20241024|FACT CLIENT CLIENT ALPHA 568267|532,31|0,00|||20241030||
VE|Ventes|VE00003|20241024|708500|Ports et frais accessoires factures|||VE102109|20241024|FACT CLIENT CLIENT ALPHA 568267|0,00|532,31|||20241030||
VE|Ventes|VE00004|20240119|419100|Clients - Avances et acomptes recus|||VE019829|20240119|FACT CLIENT CLIENT DELTA 153201|580,53|0,00|||20240119||
VE|Ventes|VE00004|20240119|416000|Clients douteux|||VE019829|20240119|FACT CLIENT CLIENT DELTA 153201|0,00|580,53|||20240119||
VE|Ventes|VE00005|20240516|411000|Clients|C00004|CLIENT DELTA|VE058892|20240516|FACT CLIENT CLIENT BETA 749857|7877,28|0,00|N3|20241216|20240517||
VE|Ventes|VE00005|20240516|413000|Clients - Effets a recevoir|||VE058892|20240516|FACT CLIENT CLIENT BETA 749857|0,00|7877,28|||20240517||
VE|Ventes|VE00006|20240503|413000|Clients - Effets a recevoir|||VE055418|20240503|FACT CLIENT CLIENT DELTA 231112|879,98|0,00|||20240508||
VE|Ventes|VE00006|20240503|706000|Prestations de services|||VE055418|20240503|FACT CLIENT CLIENT DELTA 231112|0,00|879,98|||20240508||
VE|Ventes|VE00007|20240117|413000|Clients - Effets a recevoir|||VE018121|20240117|FACT CLIENT CLIENT EPSILON 187061|102,33|0,00|||20240122||
VE|Ventes|VE00007|20240117|419100|Clients - Avances et acomptes recus|||VE018121|20240117|FACT CLIENT CLIENT EPSILON 187061|0,00|102,33|||20240122||
VE|Ventes|VE00008|20241031|708500|Ports et frais accessoires factures|||VE108777|20241031|FACT CLIENT CLIENT BETA 813446|53,22|0,00|||20241103||
VE|Ventes|VE00008|20241031|416000|Clients douteux|||VE108777|20241031|FACT CLIENT CLIENT BETA 813446|0,00|53,22|||20241103||
VE|Ventes|VE00009|20241009|709000|Rabais, remises et ristournes accordes|||VE105322|20241009|FACT CLIENT CLIENT EPSILON 678662|561,61|0,00|||20241009||
VE|Ventes|VE00009|20241009|411000|Clients|C00005|CLIENT EPSILON|VE105322|20241009|FACT CLIENT CLIENT EPSILON 678662|0,00|561,61|C7|20241230|20241009||
VE|Ventes|VE00010|20240118|701000|Ventes de produits finis|||VE018367|20240118|FACT CLIENT CLIENT BETA 324823|1167,29|0,00|||20240118||
VE|Ventes|VE00010|20240118|709000|Rabais, remises et ristournes accordes|||VE018367|20240118|FACT CLIENT CLIENT BETA 324823|0,00|1167,29|||20240118||
VE|Ventes|VE00011|20241122|416000|Clients douteux|||VE114139|20241122|FACT CLIENT CLIENT DELTA 766505|714,34|0,00|||20241122||
VE|Ventes|VE00011|20241122|707000|Ventes de marchandises|||VE114139|20241122|FACT CLIENT CLIENT DELTA 766505|0,00|714,34|||20241122||
VE|Ventes|VE00012|20240408|701000|Ventes de produits finis|||VE048251|20240408|FACT CLIENT CLIENT ALPHA 14962|1583,09|0,00|||20240411||
VE|Ventes|VE00012|20240408|706000|Prestations de services|||VE048251|20240408|FACT CLIENT CLIENT ALPHA 14962|0,00|1583,09|||20240411||
VE|Ventes|VE00013|20240823|418100|Clients - Factures a etablir|||VE085446|20240823|FACT CLIENT CLIENT BETA 82698|955,84|0,00|||20240827||
VE|Ventes|VE00013|20240823|701000|Ventes de produits finis|||VE085446|20240823|FACT CLIENT CLIENT BETA 82698|0,00|955,84|||20240827||
VE|Ventes|VE00014|20240927|709000|Rabais, remises et ristournes accordes|||VE091299|20240927|FACT CLIENT CLIENT EPSILON 53232|169,40|0,00|||20240930||
VE|Ventes|VE00014|20240927|416000|Clients douteux|||VE091299|20240927|FACT CLIENT CLIENT EPSILON 53232|0,00|169,40|||20240930||
VE|Ventes|VE00015|20240718|418100|Clients - Factures a etablir|||VE074813|20240718|FACT CLIENT CLIENT EPSILON 287543|966,86|0,00|||20240719||
VE|Ventes|VE00015|20240718|413000|Clients - Effets a recevoir|||VE074813|20240718|FACT CLIENT CLIENT EPSILON 287543|0,00|966,86|||20240719||
VE|Ventes|VE00016|20240815|708500|Ports et frais accessoires factures|||VE082786|20240815|FACT CLIENT CLIENT ALPHA 788431|374,08|0,00|||20240817||
VE|Ventes|VE00016|20240815|418100|Clients - Factures a etablir|||VE082786|20240815|FACT CLIENT CLIENT ALPHA 788431|0,00|374,08|||20240817||
VE|Ventes|VE00017|20240517|418100|Clients - Factures a etablir|||VE053028|20240517|FACT CLIENT CLIENT GAMMA 202163|221,46|0,00|||20240517||
VE|Ventes|VE00017|20240517|707000|Ventes de marchandises|||VE053028|20240517|FACT CLIENT CLIENT GAMMA 202163|0,00|221,46|||20240517||
VE|Ventes|VE00018|20241106|418100|Clients - Factures a etablir|||VE114156|20241106|FACT CLIENT CLIENT BETA 221946|515,75|0,00|||20241110||
VE|Ventes|VE00018|20241106|708500|Ports et frais accessoires factures|||VE114156|20241106|FACT CLIENT CLIENT BETA 221946|0,00|515,75|||20241110||
VE|Ventes|VE00019|20240320|701000|Ventes de produits finis|||VE038130|20240320|FACT CLIENT CLIENT EPSILON 656845|801,76|0,00|||20240326||
VE|Ventes|VE00019|20240320|418100|Clients - Factures a etablir|||VE038130|20240320|FACT CLIENT CLIENT EPSILON 656845|0,00|801,76|||20240326||
VE|Ventes|VE00020|20240202|708500|Ports et frais accessoires factures|||VE029718|20240202|FACT CLIENT CLIENT ALPHA 467223|1746,83|0,00|||20240208||
VE|Ventes|VE00020|20240202|706000|Prestations de services|||VE029718|20240202|FACT CLIENT CLIENT ALPHA 467223|0,00|1746,83|||20240208||
VE|Ventes|VE00021|20241022|709000|Rabais, remises et ristournes accordes|||VE104074|20241022|FACT CLIENT CLIENT DELTA 184429|1798,09|0,00|||20241029||
VE|Ventes|VE00021|20241022|707000|Ventes de marchandises|||VE104074|20241022|FACT CLIENT CLIENT DELTA 184429|0,00|1798,09|||20241029||
VE|Ventes|VE00022|20240311|418100|Clients - Factures a etablir|||VE039426|20240311|FACT CLIENT CLIENT DELTA 268582|270,10|0,00|||20240317||
VE|Ventes|VE00022|20240311|411000|Clients|C00008|CLIENT THETA|VE039426|20240311|FACT CLIENT CLIENT DELTA 268582|0,00|270,10|N9|20241225|20240317||
VE|Ventes|VE00023|20240418|706000|Prestations de services|||VE049621|20240418|FACT CLIENT CLIENT BETA 49326|1804,64|0,00|||20240423||
VE|Ventes|VE00023|20240418|708500|Ports et frais accessoires factures|||VE049621|20240418|FACT CLIENT CLIENT BETA 49326|0,00|1804,64|||20240423||
VE|Ventes|VE00024|20240619|413000|Clients - Effets a recevoir|||VE067643|20240619|FACT CLIENT CLIENT BETA 215733|791,14|0,00|||20240623||
VE|Ventes|VE00024|20240619|707000|Ventes de marchandises|||VE067643|20240619|FACT CLIENT CLIENT BETA 215733|0,00|791,14|||20240623||
VE|Ventes|VE00025|20240301|709000|Rabais, remises et ristournes accordes|||VE032844|20240301|FACT CLIENT CLIENT ALPHA 706860|1524,50|0,00|||20240308||
VE|Ventes|VE00025|20240301|413000|Clients - Effets a recevoir|||VE032844|20240301|FACT CLIENT CLIENT ALPHA 706860|0,00|1524,50|||20240308||
VE|Ventes|VE00026|20241227|419100|Clients - Avances et acomptes recus|||VE129622|20241227|FACT CLIENT CLIENT BETA 116264|886,35|0,00|||20241228||
VE|Ventes|VE00026|20241227|411000|Clients|C00003|CLIENT GAMMA|VE129622|20241227|FACT CLIENT CLIENT BETA 116264|0,00|886,35|I2|20241229|20241228||
VE|Ventes|VE00027|20240202|706000|Prestations de services|||VE026816|20240202|FACT CLIENT CLIENT EPSILON 637771|909,33|0,00|||20240202||
VE|Ventes|VE00027|20240202|707000|Ventes de marchandises|||VE026816|20240202|FACT CLIENT CLIENT EPSILON 637771|0,00|909,33|||20240202||
VE|Ventes|VE00028|20240905|709000|Rabais, remises et ristournes accordes|||VE096884|20240905|FACT CLIENT CLIENT ALPHA 809175|880,53|0,00|||20240909||
VE|Ventes|VE00028|20240905|416000|Clients douteux|||VE096884|20240905|FACT CLIENT CLIENT ALPHA 809175|0,00|880,53|||20240909||
VE|Ventes|VE00029|20241220|701000|Ventes de produits finis|||VE121093|20241220|FACT CLIENT CLIENT DELTA 587844|436,58|0,00|||20241225||
VE|Ventes|VE00029|20241220|709000|Rabais, remises et ristournes accordes|||VE121093|20241220|FACT CLIENT CLIENT DELTA 587844|0,00|436,58|||20241225||
VE|Ventes|VE00030|20240126|709000|Rabais, remises et ristournes accordes|||VE013235|20240126|FACT CLIENT CLIENT DELTA 19891|167,67|0,00|||20240201||
VE|Ventes|VE00030|20240126|419100|Clients - Avances et acomptes recus|||VE013235|20240126|FACT CLIENT CLIENT DELTA 19891|0,00|167,67|||20240201||
VE|Ventes|VE00031|20240527|411000|Clients|C00009|CLIENT IOTA|VE051680|20240527|FACT CLIENT CLIENT ALPHA 889185|1274,55|0,00|||20240529||
VE|Ventes|VE00031|20240527|708500|Ports et frais accessoires factures|||VE051680|20240527|FACT CLIENT CLIENT ALPHA 889185|0,00|1274,55|||20240529||
VE|Ventes|VE00032|20240913|708500|Ports et frais accessoires factures|||VE098299|20240913|FACT CLIENT CLIENT GAMMA 466817|1788,72|0,00|||20240917||
VE|Ventes|VE00032|20240913|411000|Clients|C00006|CLIENT ZETA|VE098299|20240913|FACT CLIENT CLIENT GAMMA 466817|0,00|1788,72|||20240917||
VE|Ventes|VE00033|20240415|419100|Clients - Avances et acomptes recus|||VE041024|20240415|FACT CLIENT CLIENT BETA 654263|274,18|0,00|||20240420||
VE|Ventes|VE00033|20240415|707000|Ventes de marchandises|||VE041024|20240415|FACT CLIENT CLIENT BETA 654263|0,00|274,18|||20240420||
VE|Ventes|VE00034|20240419|418100|Clients - Factures a etablir|||VE048151|20240419|FACT CLIENT CLIENT BETA 449627|662,89|0,00|||20240422||
VE|Ventes|VE00034|20240419|706000|Prestations de services|||VE048151|20240419|FACT CLIENT CLIENT BETA 449627|0,00|662,89|||20240422||
VE|Ventes|VE00035|20240531|418100|Clients - Factures a etablir|||VE059570|20240531|FACT CLIENT CLIENT BETA 116478|932,05|0,00|||20240604||
VE|Ventes|VE00035|20240531|419100|Clients - Avances et acomptes recus|||VE059570|20240531|FACT CLIENT CLIENT BETA 116478|0,00|932,05|||20240604||
VE|Ventes|VE00036|20240624|708500|Ports et frais accessoires factures|||VE063470|20240624|FACT CLIENT CLIENT ALPHA 807531|13,38|0,00|||20240626||
VE|Ventes|VE00036|20240624|706000|Prestations de services|||VE063470|20240624|FACT CLIENT CLIENT ALPHA 807531|0,00|13,38|||20240626||
VE|Ventes|VE00037|20241127|416000|Clients douteux|||VE119084|20241127|FACT CLIENT CLIENT BETA 963829|522,53|0,00|||20241203||
VE|Ventes|VE00037|20241127|709000|Rabais, remises et ristournes accordes|||VE119084|20241127|FACT CLIENT CLIENT BETA 963829|0,00|522,53|||20241203||
VE|Ventes|VE00038|20241107|709000|Rabais, remises et ristournes accordes|||VE115656|20241107|FACT CLIENT CLIENT GAMMA 938898|1147,17|0,00|||20241114||
VE|Ventes|VE00038|20241107|708500|Ports et frais accessoires factures|||VE115656|20241107|FACT CLIENT CLIENT GAMMA 938898|0,00|1147,17|||20241114||
VE|Ventes|VE00039|20241030|709000|Rabais, remises et ristournes accordes|||VE101301|20241030|FACT CLIENT CLIENT GAMMA 225800|1497,85|0,00|||20241101||
VE|Ventes|VE00039|20241030|701000|Ventes de produits finis|||VE101301|20241030|FACT CLIENT CLIENT GAMMA 225800|0,00|1497,85|||20241101||
VE|Ventes|VE00040|20241112|416000|Clients douteux|||VE113338|20241112|FACT CLIENT CLIENT EPSILON 923360|215,35|0,00|||20241114||
VE|Ventes|VE00040|20241112|413000|Clients - Effets a recevoir|||VE113338|20241112|FACT CLIENT CLIENT EPSILON 923360|0,00|215,35|||20241114||
VE|Ventes|VE00041|20240826|411000|Clients|C00004|CLIENT DELTA|VE087010|20240826|FACT CLIENT CLIENT GAMMA 836936|3501,31|0,00|||20240830||
VE|Ventes|VE00041|20240826|707000|Ventes de marchandises|||VE087010|20240826|FACT CLIENT CLIENT GAMMA 836936|0,00|3501,31|||20240830||
VE|Ventes|VE00042|20241018|413000|Clients - Effets a recevoir|||VE106603|20241018|FACT CLIENT CLIENT BETA 137869|408,45|0,00|||20241018||
VE|Ventes|VE00042|20241018|419100|Clients - Avances et acomptes recus|||VE106603|20241018|FACT CLIENT CLIENT BETA 137869|0,00|408,45|||20241018||
VE|Ventes|VE00043|20240416|707000|Ventes de marchandises|||VE049388|20240416|FACT CLIENT CLIENT GAMMA 820232|739,53|0,00|||20240416||
VE|Ventes|VE00043|20240416|709000|Rabais, remises et ristournes accordes|||VE049388|20240416|FACT CLIENT CLIENT GAMMA 820232|0,00|739,53|||20240416||
VE|Ventes|VE00044|20240404|411000|Clients|C00007|CLIENT ETA|VE047736|20240404|FACT CLIENT CLIENT ALPHA 57033|7834,78|0,00|||20240411||
VE|Ventes|VE00044|20240404|413000|Clients - Effets a recevoir|||VE047736|20240404|FACT CLIENT CLIENT ALPHA 57033|0,00|7834,78|||20240411||
VE|Ventes|VE00045|20240229|413000|Clients - Effets a recevoir|||VE024364|20240229|FACT CLIENT CLIENT GAMMA 378191|738,89|0,00|||20240301||
VE|Ventes|VE00045|20240229|419100|Clients - Avances et acomptes recus|||VE024364|20240229|FACT CLIENT CLIENT GAMMA 378191|0,00|738,89|||20240301||
VE|Ventes|VE00046|20240604|419100|Clients - Avances et acomptes recus|||VE066134|20240604|FACT CLIENT CLIENT EPSILON 751376|405,19|0,00|||20240605||
VE|Ventes|VE00046|20240604|418100|Clients - Factures a etablir|||VE066134|20240604|FACT CLIENT CLIENT EPSILON 751376|0,00|405,19|||20240605||
VE|Ventes|VE00047|20240816|416000|Clients douteux|||VE089789|20240816|FACT CLIENT CLIENT EPSILON 95302|270,69|0,00|||20240819||
VE|Ventes|VE00047|20240816|411000|Clients|C00009|CLIENT IOTA|VE089789|20240816|FACT CLIENT CLIENT EPSILON 95302|0,00|270,69|||20240819||
VE|Ventes|VE00048|20240328|708500|Ports et frais accessoires factures|||VE039572|20240328|FACT CLIENT CLIENT ALPHA 706313|1128,92|0,00|||20240403||
VE|Ventes|VE00048|20240328|416000|Clients douteux|||VE039572|20240328|FACT CLIENT CLIENT ALPHA 706313|0,00|1128,92|||20240403||
VE|Ventes|VE00049|20241115|701000|Ventes de produits finis|||VE117399|20241115|FACT CLIENT CLIENT GAMMA 179307|1942,48|0,00|||20241122||
VE|Ventes|VE00049|20241115|708500|Ports et frais accessoires factures|||VE117399|20241115|FACT CLIENT CLIENT GAMMA 179307|0,00|1942,48|||20241122||
VE|Ventes|VE00050|20240827|701000|Ventes de produits finis|||VE085458|20240827|FACT CLIENT CLIENT BETA 139009|193,21|0,00|||20240827||
VE|Ventes|VE00050|20240827|416000|Clients douteux|||VE085458|20240827|FACT CLIENT CLIENT BETA 139009|0,00|193,21|||20240827||
VE|Ventes|VE00051|20240425|707000|Ventes de marchandises|||VE043314|20240425|FACT CLIENT CLIENT GAMMA 42578|1978,48|0,00|||20240430||
VE|Ventes|VE00051|20240425|708500|Ports et frais accessoires factures|||VE043314|20240425|FACT CLIENT CLIENT GAMMA 42578|0,00|1978,48|||20240430||
VE|Ventes|VE00052|20240819|708500|Ports et frais accessoires factures|||VE081412|20240819|FACT CLIENT CLIENT GAMMA 702110|952,38|0,00|||20240826||
VE|Ventes|VE00052|20240819|701000|Ventes de produits finis|||VE081412|20240819|FACT CLIENT CLIENT GAMMA 702110|0,00|952,38|||20240826||
VE|Ventes|VE00053|20240202|418100|Clients - Factures a etablir|||VE024290|20240202|FACT CLIENT CLIENT EPSILON 952743|191,67|0,00|||20240204||
VE|Ventes|VE00053|20240202|701000|Ventes de produits finis|||VE024290|20240202|FACT CLIENT CLIENT EPSILON 952743|0,00|191,67|||20240204||
VE|Ventes|VE00054|20240731|709000|Rabais, remises et ristournes accordes|||VE071608|20240731|FACT CLIENT CLIENT GAMMA 752754|1570,84|0,00|||20240801||
VE|Ventes|VE00054|20240731|706000|Prestations de services|||VE071608|20240731|FACT CLIENT CLIENT GAMMA 752754|0,00|1570,84|||20240801||
VE|Ventes|VE00055|20240621|413000|Clients - Effets a recevoir|||VE063267|20240621|FACT CLIENT CLIENT DELTA 316538|476,57|0,00|||20240621||
VE|Ventes|VE00055|20240621|707000|Ventes de marchandises|||VE063267|20240621|FACT CLIENT CLIENT DELTA 316538|0,00|476,57|||20240621||
VE|Ventes|VE00056|20240724|413000|Clients - Effets a recevoir|||VE078824|20240724|FACT CLIENT CLIENT ALPHA 761171|415,65|0,00|||20240730||
VE|Ventes|VE00056|20240724|709000|Rabais, remises et ristournes accordes|||VE078824|20240724|FACT CLIENT CLIENT ALPHA 761171|0,00|415,65|||20240730||
VE|Ventes|VE00057|20241205|418100|Clients - Factures a etablir|||VE123916|20241205|FACT CLIENT CLIENT BETA 817888|225,21|0,00|||20241208||
VE|Ventes|VE00057|20241205|701000|Ventes de produits finis|||VE123916|20241205|FACT CLIENT CLIENT BETA 817888|0,00|225,21|||20241208||
VE|Ventes|VE00058|20240305|701000|Ventes de produits finis|||VE034206|20240305|FACT CLIENT CLIENT EPSILON 386111|1871,14|0,00|||20240312||
VE|Ventes|VE00058|20240305|708500|Ports et frais accessoires factures|||VE034206|20240305|FACT CLIENT CLIENT EPSILON 386111|0,00|1871,14|||20240312||
VE|Ventes|VE00059|20240501|708500|Ports et frais accessoires factures|||VE058883|20240501|FACT CLIENT CLIENT EPSILON 749950|375,08|0,00|||20240505||
VE|Ventes|VE00059|20240501|706000|Prestations de services|||VE058883|20240501|FACT CLIENT CLIENT EPSILON 749950|0,00|375,08|||20240505||
VE|Ventes|VE00060|20240501|416000|Clients douteux|||VE056476|20240501|FACT CLIENT CLIENT GAMMA 599818|700,26|0,00|||20240505||
VE|Ventes|VE00060|20240501|411000|Clients|C00007|CLIENT ETA|VE056476|20240501|FACT CLIENT CLIENT GAMMA 599818|0,00|700,26|||20240505||
VE|Ventes|VE00061|20240913|701000|Ventes de produits finis|||VE093701|20240913|FACT CLIENT CLIENT GAMMA 529134|1916,00|0,00|||20240915||
VE|Ventes|VE00061|20240913|706000|Prestations de services|||VE093701|20240913|FACT CLIENT CLIENT GAMMA 529134|0,00|1916,00|||20240915||
VE|Ventes|VE00062|20240311|419100|Clients - Avances et acomptes recus|||VE031835|20240311|FACT CLIENT CLIENT EPSILON 65366|283,11|0,00|||20240314||
VE|Ventes|VE00062|20240311|709000|Rabais, remises et ristournes accordes|||VE031835|20240311|FACT CLIENT CLIENT EPSILON 65366|0,00|283,11|||20240314||
VE|Ventes|VE00063|20240710|416000|Clients douteux|||VE078263|20240710|FACT CLIENT CLIENT EPSILON 828897|372,55|0,00|||20240715||
VE|Ventes|VE00063|20240710|709000|Rabais, remises et ristournes accordes|||VE078263|20240710|FACT CLIENT CLIENT EPSILON 828897|0,00|372,55|||20240715||
VE|Ventes|VE00064|20240520|709000|Rabais, remises et ristournes accordes|||VE059280|20240520|FACT CLIENT CLIENT GAMMA 331234|46,89|0,00|||20240527||
VE|Ventes|VE00064|20240520|418100|Clients - Factures a etablir|||VE059280|20240520|FACT CLIENT CLIENT GAMMA 331234|0,00|46,89|||20240527||
VE|Ventes|VE00065|20241203|411000|Clients|C00003|CLIENT GAMMA|VE122733|20241203|FACT CLIENT CLIENT EPSILON 584160|9815,26|0,00|L3|20241202|20241204||
VE|Ventes|VE00065|20241203|701000|Ventes de produits finis|||VE122733|20241203|FACT CLIENT CLIENT EPSILON 584160|0,00|9815,26|||20241204||
VE|Ventes|VE00066|20240405|418100|Clients - Factures a etablir|||VE049353|20240405|FACT CLIENT CLIENT BETA 367097|441,25|0,00|||20240410||
VE|Ventes|VE00066|20240405|701000|Ventes de produits finis|||VE049353|20240405|FACT CLIENT CLIENT BETA 367097|0,00|441,25|||20240410||
VE|Ventes|VE00067|20241113|701000|Ventes de produits finis|||VE118713|20241113|FACT CLIENT CLIENT EPSILON 488206|620,11|0,00|||20241114||
VE|Ventes|VE00067|20241113|411000|Clients|C00005|CLIENT EPSILON|VE118713|20241113|FACT CLIENT CLIENT EPSILON 488206|0,00|620,11|E2|20241221|20241114||
VE|Ventes|VE00068|20240723|416000|Clients douteux|||VE077475|20240723|FACT CLIENT CLIENT BETA 86502|151,01|0,00|||20240729||
VE|Ventes|VE00068|20240723|413000|Clients - Effets a recevoir|||VE077475|20240723|FACT CLIENT CLIENT BETA 86502|0,00|151,01|||20240729||
VE|Ventes|VE00069|20241011|418100|Clients - Factures a etablir|||VE108563|20241011|FACT CLIENT CLIENT GAMMA 879913|41,09|0,00|||20241017||
VE|Ventes|VE00069|20241011|413000|Clients - Effets a recevoir|||VE108563|20241011|FACT CLIENT CLIENT GAMMA 879913|0,00|41,09|||20241017||
VE|Ventes|VE00070|20240326|416000|Clients douteux|||VE032502|20240326|FACT CLIENT CLIENT EPSILON 495312|644,51|0,00|||20240329||
VE|Ventes|VE00070|20240326|709000|Rabais, remises et ristournes accordes|||VE032502|20240326|FACT CLIENT CLIENT EPSILON 495312|0,00|644,51|||20240329||
VE|Ventes|VE00071|20241202|708500|Ports et frais accessoires factures|||VE125084|20241202|FACT CLIENT CLIENT EPSILON 267962|631,65|0,00|||20241207||
VE|Ventes|VE00071|20241202|416000|Clients douteux|||VE125084|20241202|FACT CLIENT CLIENT EPSILON 267962|0,00|631,65|||20241207||
VE|Ventes|VE00072|20240925|419100|Clients - Avances et acomptes recus|||VE095971|20240925|FACT CLIENT CLIENT BETA 592551|799,10|0,00|||20240926||
VE|Ventes|VE00072|20240925|416000|Clients douteux|||VE095971|20240925|FACT CLIENT CLIENT BETA 592551|0,00|799,10|||20240926||
VE|Ventes|VE00073|20240326|416000|Clients douteux|||VE039063|20240326|FACT CLIENT CLIENT BETA 32597|283,80|0,00|||20240330||
VE|Ventes|VE00073|20240326|411000|Clients|C00002|CLIENT BETA|VE039063|20240326|FACT CLIENT CLIENT BETA 32597|0,00|283,80|||20240330||
VE|Ventes|VE00074|20240605|413000|Clients - Effets a recevoir|||VE067789|20240605|FACT CLIENT CLIENT EPSILON 459064|486,70|0,00|||20240610||
VE|Ventes|VE00074|20240605|706000|Prestations de services|||VE067789|20240605|FACT CLIENT CLIENT EPSILON 459064|0,00|486,70|||20240610||
VE|Ventes|VE00075|20240103|411000|Clients|C00007|CLIENT ETA|VE015135|20240103|FACT CLIENT CLIENT BETA 84430|4139,62|0,00|||20240107||
VE|Ventes|VE00075|20240103|418100|Clients - Factures a etablir|||VE015135|20240103|FACT CLIENT CLIENT BETA 84430|0,00|4139,62|||20240107||
VE|Ventes|VE00076|20241111|709000|Rabais, remises et ristournes accordes|||VE114802|20241111|FACT CLIENT CLIENT GAMMA 677602|1347,89|0,00|||20241113||
VE|Ventes|VE00076|20241111|701000|Ventes de produits finis|||VE114802|20241111|FACT CLIENT CLIENT GAMMA 677602|0,00|1347,89|||20241113||
VE|Ventes|VE00077|20240322|708500|Ports et frais accessoires factures|||VE035587|20240322|FACT CLIENT CLIENT EPSILON 45193|587,93|0,00|||20240328||
VE|Ventes|VE00077|20240322|701000|Ventes de produits finis|||VE035587|20240322|FACT CLIENT CLIENT EPSILON 45193|0,00|587,93|||20240328||
VE|Ventes|VE00078|20240216|419100|Clients - Avances et acomptes recus|||VE029392|20240216|FACT CLIENT CLIENT GAMMA 148227|656,46|0,00|||20240218||
VE|Ventes|VE00078|20240216|418100|Clients - Factures a etablir|||VE029392|20240216|FACT CLIENT CLIENT GAMMA 148227|0,00|656,46|||20240218||
VE|Ventes|VE00079|20240122|416000|Clients douteux|||VE017932|20240122|FACT CLIENT CLIENT ALPHA 719160|848,99|0,00|||20240129||
VE|Ventes|VE00079|20240122|706000|Prestations de services|||VE017932|20240122|FACT CLIENT CLIENT ALPHA 719160|0,00|848,99|||20240129||
VE|Ventes|VE00080|20240531|708500|Ports et frais accessoires factures|||VE057884|20240531|FACT CLIENT CLIENT GAMMA 684163|796,17|0,00|||20240602||
VE|Ventes|VE00080|20240531|709000|Rabais, remises et ristournes accordes|||VE057884|20240531|FACT CLIENT CLIENT GAMMA 684163|0,00|796,17|||20240602||
VE|Ventes|VE00081|20240628|708500|Ports et frais accessoires factures|||VE068886|20240628|FACT CLIENT CLIENT ALPHA 295069|688,65|0,00|||20240629||
VE|Ventes|VE00081|20240628|413000|Clients - Effets a recevoir|||VE068886|20240628|FACT CLIENT CLIENT ALPHA 295069|0,00|688,65|||20240629||
VE|Ventes|VE00082|20240521|411000|Clients|C00004|CLIENT DELTA|VE059952|20240521|FACT CLIENT CLIENT GAMMA 85411|1613,65|0,00|W3|20241216|20240522||
VE|Ventes|VE00082|20240521|419100|Clients - Avances et acomptes recus|||VE059952|20240521|FACT CLIENT CLIENT GAMMA 85411|0,00|1613,65|||20240522||
VE|Ventes|VE00083|20240411|701000|Ventes de produits finis|||VE042937|20240411|FACT CLIENT CLIENT EPSILON 938165|1202,08|0,00|||20240411||
VE|Ventes|VE00083|20240411|419100|Clients - Avances et acomptes recus|||VE042937|20240411|FACT CLIENT CLIENT EPSILON 938165|0,00|1202,08|||20240411||
VE|Ventes|VE00084|20240424|419100|Clients - Avances et acomptes recus|||VE044853|20240424|FACT CLIENT CLIENT BETA 409864|785,00|0,00|||20240426||
VE|Ventes|VE00084|20240424|709000|Rabais, remises et ristournes accordes|||VE044853|20240424|FACT CLIENT CLIENT BETA 409864|0,00|785,00|||20240426||
VE|Ventes|VE00085|20240822|413000|Clients - Effets a recevoir|||VE087194|20240822|FACT CLIENT CLIENT EPSILON 913738|437,65|0,00|||20240828||
VE|Ventes|VE00085|20240822|709000|Rabais, remises et ristournes accordes|||VE087194|20240822|FACT CLIENT CLIENT EPSILON 913738|0,00|437,65|||20240828||
VE|Ventes|VE00086|20240809|709000|Rabais, remises et ristournes accordes|||VE081355|20240809|FACT CLIENT CLIENT DELTA 275295|1374,65|0,00|||20240811||
VE|Ventes|VE00086|20240809|708500|Ports et frais accessoires factures|||VE081355|20240809|FACT CLIENT CLIENT DELTA 275295|0,00|1374,65|||20240811||
VE|Ventes|VE00087|20241129|708500|Ports et frais accessoires factures|||VE119425|20241129|FACT CLIENT CLIENT ALPHA 843885|890,59|0,00|||20241203||
VE|Ventes|VE00087|20241129|413000|Clients - Effets a recevoir|||VE119425|20241129|FACT CLIENT CLIENT ALPHA 843885|0,00|890,59|||20241203||
VE|Ventes|VE00088|20240620|707000|Ventes de marchandises|||BQ122068|20240620|FACT CLIENT CLIENT EPSILON 222935|1865,26|0,00|||20240623||
VE|Ventes|VE00088|20240620|416000|Clients douteux|||VE069956|20240620|FACT CLIENT CLIENT EPSILON 222935|0,00|1865,26|||20240623||
VE|Ventes|VE00089|20240529|416000|Clients douteux|||VE055550|20240529|FACT CLIENT CLIENT EPSILON 574544|671,46|0,00|||20240531||
VE|Ventes|VE00089|20240529|701000|Ventes de produits finis|||VE055550|20240529|FACT CLIENT CLIENT EPSILON 574544|0,00|671,46|||20240531||
VE|Ventes|VE00090|20241115|709000|Rabais, remises et ristournes accordes|||VE114079|20241115|FACT CLIENT CLIENT GAMMA 448421|1977,53|0,00|||20241119||
VE|Ventes|VE00090|20241115|413000|Clients - Effets a recevoir|||VE114079|20241115|FACT CLIENT CLIENT GAMMA 448421|0,00|1977,53|||20241119||
VE|Ventes|VE00091|20241029|413000|Clients - Effets a recevoir|||VE108955|20241029|FACT CLIENT CLIENT BETA 589360|724,37|0,00|||20241030||
VE|Ventes|VE00091|20241029|706000|Prestations de services|||VE108955|20241029|FACT CLIENT CLIENT BETA 589360|0,00|724,37|||20241030||
VE|Ventes|VE00092|20241120|708500|Ports et frais accessoires factures|||VE117102|20241120|FACT CLIENT CLIENT GAMMA 269910|41,93|0,00|||20241121||
VE|Ventes|VE00092|20241120|707000|Ventes de marchandises|||VE117102|20241120|FACT CLIENT CLIENT GAMMA 269910|0,00|41,93|||20241121||
VE|Ventes|VE00093|20241021|418100|Clients - Factures a etablir|||VE108445|20241021|FACT CLIENT CLIENT BETA 345096|215,76|0,00|||20241028||
VE|Ventes|VE00093|20241021|708500|Ports et frais accessoires factures|||VE108445|20241021|FACT CLIENT CLIENT BETA 345096|0,00|215,76|||20241028||
VE|Ventes|VE00094|20240912|411000|Clients|C00005|CLIENT EPSILON|VE098429|20240912|FACT CLIENT CLIENT EPSILON 775990|6242,47|0,00|||20240913||
VE|Ventes|VE00094|20240912|416000|Clients douteux|||VE098429|20240912|FACT CLIENT CLIENT EPSILON 775990|0,00|6242,47|||20240913||
VE|Ventes|VE00095|20240614|416000|Clients douteux|||VE061464|20240614|FACT CLIENT CLIENT DELTA 572518|711,43|0,00|||20240619||
VE|Ventes|VE00095|20240614|706000|Prestations de services|||VE061464|20240614|FACT CLIENT CLIENT DELTA 572518|0,00|711,43|||20240619||
VE|Ventes|VE00096|20240604|707000|Ventes de marchandises|||VE063028|20240604|FACT CLIENT CLIENT ALPHA 65135|1603,08|0,00|||20240604||
VE|Ventes|VE00096|20240604|411000|Clients|C00007|CLIENT ETA|VE063028|20240604|FACT CLIENT CLIENT ALPHA 65135|0,00|1603,08|E3|20241208|20240604||
VE|Ventes|VE00097|20240625|411000|Clients|C00009|CLIENT IOTA|OD064903|20240625|FACT CLIENT CLIENT EPSILON 971205|7833,08|0,00|||20240701||
VE|Ventes|VE00097|20240625|418100|Clients - Factures a etablir|||VE063077|20240625|FACT CLIENT CLIENT EPSILON 971205|0,00|7833,08|||20240701||
VE|Ventes|VE00098|20240322|413000|Clients - Effets a recevoir|||VE032241|20240322|FACT CLIENT CLIENT ALPHA 166965|405,46|0,00|||20240322||
VE|Ventes|VE00098|20240322|708500|Ports et frais accessoires factures|||VE032241|20240322|FACT CLIENT CLIENT ALPHA 166965|0,00|405,46|||20240322||
VE|Ventes|VE00099|20240809|413000|Clients - Effets a recevoir|||VE083488|20240809|FACT CLIENT CLIENT EPSILON 949531|921,62|0,00|||20240816||
VE|Ventes|VE00099|20240809|418100|Clients - Factures a etablir|||VE083488|20240809|FACT CLIENT CLIENT EPSILON 949531|0,00|921,62|||20240816||
VE|Ventes|VE00100|20241219|706000|Prestations de services|||VE128625|20241219|FACT CLIENT CLIENT EPSILON 779506|1731,02|0,00|||20241220||
VE|Ventes|VE00100|20241219|411000|Clients|C00001|CLIENT ALPHA|VE128625|20241219|FACT CLIENT CLIENT EPSILON 779506|0,00|1731,02|F6|20241219|20241220||
VE|Ventes|VE00101|20240311|709000|Rabais, remises et ristournes accordes|||VE032436|20240311|FACT CLIENT CLIENT EPSILON 145938|1370,86|0,00|||20240313||
VE|Ventes|VE00101|20240311|707000|Ventes de marchandises|||VE032436|20240311|FACT CLIENT CLIENT EPSILON 145938|0,00|1370,86|||20240313||
VE|Ventes|VE00102|20240126|416000|Clients douteux|||VE013885|20240126|FACT CLIENT CLIENT BETA 309125|82,91|0,00|||20240130||
VE|Ventes|VE00102|20240126|709000|Rabais, remises et ristournes accordes|||VE013885|20240126|FACT CLIENT CLIENT BETA 309125|0,00|82,91|||20240130||
VE|Ventes|VE00103|20240320|411000|Clients|C00002|CLIENT BETA|VE039192|20240320|FACT CLIENT CLIENT BETA 132930|2310,63|0,00|||20240325||
VE|Ventes|VE00103|20240320|418100|Clients - Factures a etablir|||VE039192|20240320|FACT CLIENT CLIENT BETA 132930|0,00|2310,63|||20240325||
VE|Ventes|VE00104|20240209|411000|Clients|C00005|CLIENT EPSILON|VE024083|20240209|FACT CLIENT CLIENT GAMMA 510446|1088,66|0,00|||20240215||
VE|Ventes|VE00104|20240209|413000|Clients - Effets a recevoir|||VE024083|20240209|FACT CLIENT CLIENT GAMMA 510446|0,00|1088,66|||20240215||
VE|Ventes|VE00105|20240524|419100|Clients - Avances et acomptes recus|||VE053850|20240524|FACT CLIENT CLIENT EPSILON 470704|819,04|0,00|||20240524||
VE|Ventes|VE00105|20240524|708500|Ports et frais accessoires factures|||VE053850|20240524|FACT CLIENT CLIENT EPSILON 470704|0,00|819,04|||20240524||
VE|Ventes|VE00106|20241225|701000|Ventes de produits finis|||VE124519|20241225|FACT CLIENT CLIENT BETA 187746|1739,48|0,00|||20241228||
VE|Ventes|VE00106|20241225|706000|Prestations de services|||VE124519|20241225|FACT CLIENT CLIENT BETA 187746|0,00|1739,48|||20241228||
VE|Ventes|VE00107|20241017|418100|Clients - Factures a etablir|||VE102038|20241017|FACT CLIENT CLIENT BETA 754891|133,00|0,00|||20241023||
VE|Ventes|VE00107|20241017|413000|Clients - Effets a recevoir|||VE102038|20241017|FACT CLIENT CLIENT BETA 754891|0,00|133,00|||20241023||
VE|Ventes|VE00108|20240819|701000|Ventes de produits finis|||VE089461|20240819|FACT CLIENT CLIENT EPSILON 678614|1151,22|0,00|||20240822||
VE|Ventes|VE00108|20240819|419100|Clients - Avances et acomptes recus|||VE089461|20240819|FACT CLIENT CLIENT EPSILON 678614|0,00|1151,22|||20240822||
VE|Ventes|VE00109|20240903|701000|Ventes de produits finis|||VE094030|20240903|FACT CLIENT CLIENT DELTA 662498|63,44|0,00|||20240903||
VE|Ventes|VE00109|20240903|418100|Clients - Factures a etablir|||VE094030|20240903|FACT CLIENT CLIENT DELTA 662498|0,00|63,44|||20240903||
VE|Ventes|VE00110|20240627|707000|Ventes de marchandises|||VE063661|20240627|FACT CLIENT CLIENT ALPHA 257242|925,61|0,00|||20240701||
VE|Ventes|VE00110|20240627|418100|Clients - Factures a etablir|||VE063661|20240627|FACT CLIENT CLIENT ALPHA 257242|0,00|925,61|||20240701||
VE|Ventes|VE00111|20241004|418100|Clients - Factures a etablir|||VE103455|20241004|FACT CLIENT CLIENT ALPHA 888481|129,65|0,00|||20241007||
VE|Ventes|VE00111|20241004|419100|Clients - Avances et acomptes recus|||VE103455|20241004|FACT CLIENT CLIENT ALPHA 888481|0,00|129,65|||20241007||
VE|Ventes|VE00112|20240110|418100|Clients - Factures a etablir|||VE016367|20240110|FACT CLIENT CLIENT BETA 101966|806,76|0,00|||20240117||
VE|Ventes|VE00112|20240110|706000|Prestations de services|||VE016367|20240110|FACT CLIENT CLIENT BETA 101966|0,00|806,76|||20240117||
VE|Ventes|VE00113|20240426|706000|Prestations de services|||VE048507|20240426|FACT CLIENT CLIENT DELTA 41533|50,20|0,00|||20240430||
VE|Ventes|VE00113|20240426|416000|Clients douteux|||VE048507|20240426|FACT CLIENT CLIENT DELTA 41533|0,00|50,20|||20240430||
VE|Ventes|VE00114|20240628|413000|Clients - Effets a recevoir|||VE064949|20240628|FACT CLIENT CLIENT EPSILON 226428|904,87|0,00|||20240701||
VE|Ventes|VE00114|20240628|419100|Clients - Avances et acomptes recus|||VE064949|20240628|FACT CLIENT CLIENT EPSILON 226428|0,00|904,87|||20240701||
VE|Ventes|VE00115|20240424|706000|Prestations de services|||VE047104|20240424|FACT CLIENT CLIENT DELTA 484439|419,92|0,00|||20240429||
VE|Ventes|VE00115|20240424|419100|Clients - Avances et acomptes recus|||VE047104|20240424|FACT CLIENT CLIENT DELTA 484439|0,00|419,92|||20240429||
VE|Ventes|VE00116|20240304|709000|Rabais, remises et ristournes accordes|||VE033656|20240304|FACT CLIENT CLIENT EPSILON 406897|402,72|0,00|||20240305||
VE|Ventes|VE00116|20240304|708500|Ports et frais accessoires factures|||VE033656|20240304|FACT CLIENT CLIENT EPSILON 406897|0,00|402,72|||20240305||
VE|Ventes|VE00117|20240116|701000|Ventes de produits finis|||VE019130|20240116|FACT CLIENT CLIENT GAMMA 12629|475,69|0,00|||20240117||
VE|Ventes|VE00117|20240116|411000|Clients|C00003|CLIENT GAMMA|VE019130|20240116|FACT CLIENT CLIENT GAMMA 12629|0,00|475,69|||20240117||
VE|Ventes|VE00118|20240229|708500|Ports et frais accessoires factures|||VE028174|20240229|FACT CLIENT CLIENT EPSILON 478286|283,47|0,00|||20240305||
VE|Ventes|VE00118|20240229|413000|Clients - Effets a recevoir|||VE028174|20240229|FACT CLIENT CLIENT EPSILON 478286|0,00|283,47|||20240305||
VE|Ventes|VE00119|20240123|411000|Clients|C00007|CLIENT ETA|VE014702|20240123|FACT CLIENT CLIENT ALPHA 624882|6564,70|0,00|U4|20241208|20240124||
VE|Ventes|VE00119|20240123|708500|Ports et frais accessoires factures|||VE014702|20240123|FACT CLIENT CLIENT ALPHA 624882|0,00|6564,70|||20240124||
VE|Ventes|VE00120|20240731|411000|Clients|C00002|CLIENT BETA|VE071987|20240731|FACT CLIENT CLIENT EPSILON 867859|645,78|0,00|H1|20241219|20240731||
VE|Ventes|VE00120|20240731|419100|Clients - Avances et acomptes recus|||VE071987|20240731|FACT CLIENT CLIENT EPSILON 867859|0,00|645,78|||20240731||
VE|Ventes|VE00121|20240424|708500|Ports et frais accessoires factures|||VE048742|20240424|FACT CLIENT CLIENT EPSILON 825763|337,14|0,00|||20240424||
VE|Ventes|VE00121|20240424|413000|Clients - Effets a recevoir|||VE048742|20240424|FACT CLIENT CLIENT EPSILON 825763|0,00|337,14|||20240424||
VE|Ventes|VE00122|20240719|411000|Clients|C00004|CLIENT DELTA|VE078713|20240719|FACT CLIENT CLIENT BETA 503127|5535,59|0,00|||20240724||
VE|Ventes|VE00122|20240719|418100|Clients - Factures a etablir|||VE078713|20240719|FACT CLIENT CLIENT BETA 503127|0,00|5535,59|||20240724||
VE|Ventes|VE00123|20240126|707000|Ventes de marchandises|||VE017221|20240126|FACT CLIENT CLIENT BETA 330448|730,56|0,00|||20240127||
VE|Ventes|VE00123|20240126|416000|Clients douteux|||VE017221|20240126|FACT CLIENT CLIENT BETA 330448|0,00|730,56|||20240127||
VE|Ventes|VE00124|20240718|416000|Clients douteux|||VE074861|20240718|FACT CLIENT CLIENT BETA 738077|722,95|0,00|||20240720||
VE|Ventes|VE00124|20240718|706000|Prestations de services|||VE074861|20240718|FACT CLIENT CLIENT BETA 738077|0,00|722,95|||20240720||
VE|Ventes|VE00125|20240628|707000|Ventes de marchandises|||VE065657|20240628|FACT CLIENT CLIENT DELTA 286726|1441,32|0,00|||20240630||
VE|Ventes|VE00125|20240628|411000|Clients|C00002|CLIENT BETA|VE065657|20240628|FACT CLIENT CLIENT DELTA 286726|0,00|1441,32|||20240630||
VE|Ventes|VE00126|20240507|416000|Clients douteux|||VE053975|20240507|FACT CLIENT CLIENT BETA 184714|818,93|0,00|||20240512||
VE|Ventes|VE00126|20240507|419100|Clients - Avances et acomptes recus|||VE053975|20240507|FACT CLIENT CLIENT BETA 184714|0,00|818,93|||20240512||
VE|Ventes|VE00127|20240501|419100|Clients - Avances et acomptes recus|||VE059631|20240501|FACT CLIENT CLIENT GAMMA 445249|469,23|0,00|||20240503||
VE|Ventes|VE00127|20240501|701000|Ventes de produits finis|||VE059631|20240501|FACT CLIENT CLIENT GAMMA 445249|0,00|469,23|||20240503||
VE|Ventes|VE00128|20240104|418100|Clients - Factures a etablir|||VE013764|20240104|FACT CLIENT CLIENT GAMMA 480178|72,61|0,00|||20240105||
VE|Ventes|VE00128|20240104|411000|Clients|C00005|CLIENT EPSILON|VE013764|20240104|FACT CLIENT CLIENT GAMMA 480178|0,00|72,61|||20240105||
VE|Ventes|VE00129|20240219|708500|Ports et frais accessoires factures|||VE028368|20240219|FACT CLIENT CLIENT ALPHA 906691|117,87|0,00|||20240221||
VE|Ventes|VE00129|20240219|707000|Ventes de marchandises|||VE028368|20240219|FACT CLIENT CLIENT ALPHA 906691|0,00|117,87|||20240221||
VE|Ventes|VE00130|20240830|708500|Ports et frais accessoires factures|||VE087027|20240830|FACT CLIENT CLIENT ALPHA 658006|1631,92|0,00|||20240831||
VE|Ventes|VE00130|20240830|419100|Clients - Avances et acomptes recus|||VE087027|20240830|FACT CLIENT CLIENT ALPHA 658006|0,00|1631,92|||20240831||
VE|Ventes|VE00131|20240316|419100|Clients - Avances et acomptes recus|||VE036590|20240314|FACT CLIENT CLIENT BETA 227256|616,20|0,00|||20240318||
VE|Ventes|VE00131|20240314|709000|Rabais, remises et ristournes accordes|||VE036590|20240314|FACT CLIENT CLIENT BETA 227256|0,00|616,20|||20240318||
VE|Ventes|VE00132|20240806|411000|Clients|C00009|CLIENT IOTA|VE081319|20240806|FACT CLIENT CLIENT EPSILON 972929|7009,04|0,00|||20240806||
VE|Ventes|VE00132|20240806|701000|Ventes de produits finis|||VE081319|20240806|FACT CLIENT CLIENT EPSILON 972929|0,00|7009,04|||20240806||
VE|Ventes|VE00133|20240603|418100|Clients - Factures a etablir|||VE061518|20240603|FACT CLIENT CLIENT BETA 393867|617,88|0,00|||20240608||
VE|Ventes|VE00133|20240603|419100|Clients - Avances et acomptes recus|||VE061518|20240603|FACT CLIENT CLIENT BETA 393867|0,00|617,88|||20240608||
VE|Ventes|VE00134|20240920|709000|Rabais, remises et ristournes accordes|||VE095045|20240920|FACT CLIENT CLIENT ALPHA 932707|1305,93|0,00|||20240922||
VE|Ventes|VE00134|20240920|706000|Prestations de services|||VE095045|20240920|FACT CLIENT CLIENT ALPHA 932707|0,00|1305,93|||20240922||
VE|Ventes|VE00135|20240920|411000|Clients|C00002|CLIENT BETA|VE095210|20240920|FACT CLIENT CLIENT BETA 94640|4670,59|0,00|A7|20241206|20240926||
VE|Ventes|VE00135|20240920|418100|Clients - Factures a etablir|||VE095210|20240920|FACT CLIENT CLIENT BETA 94640|0,00|4670,59|||20240926||
VE|Ventes|VE00136|20240314|709000|Rabais, remises et ristournes accordes|||VE037545|20240314|FACT CLIENT CLIENT BETA 642734|1189,06|0,00|||20240317||
VE|Ventes|VE00136|20240314|707000|Ventes de marchandises|||VE037545|20240314|FACT CLIENT CLIENT BETA 642734|0,00|1189,06|||20240317||
VE|Ventes|VE00137|20241025|708500|Ports et frais accessoires factures|||VE106272|20241025|FACT CLIENT CLIENT EPSILON 119282|506,97|0,00|||20241030||
VE|Ventes|VE00137|20241025|411000|Clients|C00008|CLIENT THETA|VE106272|20241025|FACT CLIENT CLIENT EPSILON 119282|0,00|506,97|||20241030||
VE|Ventes|VE00138|20240830|706000|Prestations de services|||VE083816|20240830|FACT CLIENT CLIENT GAMMA 573390|174,15|0,00|||20240830||
VE|Ventes|VE00138|20240830|418100|Clients - Factures a etablir|||VE083816|20240830|FACT CLIENT CLIENT GAMMA 573390|0,00|174,15|||20240830||
VE|Ventes|VE00139|20241112|701000|Ventes de produits finis|||VE114419|20241112|FACT CLIENT CLIENT GAMMA 910190|1999,75|0,00|||20241115||
VE|Ventes|VE00139|20241112|416000|Clients douteux|||VE114419|20241112|FACT CLIENT CLIENT GAMMA 910190|0,00|1999,75|||20241115||
VE|Ventes|VE00140|20241206|708500|Ports et frais accessoires factures|||VE127691|20241206|FACT CLIENT CLIENT EPSILON 142170|81,81|0,00|||20241212||
VE|Ventes|VE00140|20241206|418100|Clients - Factures a etablir|||VE127691|20241206|FACT CLIENT CLIENT EPSILON 142170|0,00|81,81|||20241212||
VE|Ventes|VE00141|20240503|707000|Ventes de marchandises|||VE054526|20240503|FACT CLIENT CLIENT EPSILON 242262|916,29|0,00|||20240509||
VE|Ventes|VE00141|20240503|706000|Prestations de services|||VE054526|20240503|FACT CLIENT CLIENT EPSILON 242262|0,00|916,29|||20240509||
VE|Ventes|VE00142|20240208|413000|Clients - Effets a recevoir|||VE022565|20240208|FACT CLIENT CLIENT ALPHA 442911|91,73|0,00|||20240215||
VE|Ventes|VE00142|20240208|701000|Ventes de produits finis|||VE022565|20240208|FACT CLIENT CLIENT ALPHA 442911|0,00|91,73|||20240215||
VE|Ventes|VE00143|20240503|419100|Clients - Avances et acomptes recus|||CA086022|20240503|FACT CLIENT CLIENT ALPHA 641820|934,28|0,00|||20240506||
VE|Ventes|VE00143|20240503|416000|Clients douteux|||VE058082|20240503|FACT CLIENT CLIENT ALPHA 641820|0,00|934,28|||20240506||
VE|Ventes|VE00144|20241003|706000|Prestations de services|||VE105275|20241003|FACT CLIENT CLIENT ALPHA 589197|365,51|0,00|||20241004||
VE|Ventes|VE00144|20241003|416000|Clients douteux|||VE105275|20241003|FACT CLIENT CLIENT ALPHA 589197|0,00|365,51|||20241004||
VE|Ventes|VE00145|20240126|411000|Clients|C00007|CLIENT ETA|VE017330|20240126|FACT CLIENT CLIENT DELTA 971369|8675,93|0,00|||20240127||
VE|Ventes|VE00145|20240126|416000|Clients douteux|||VE017330|20240126|FACT CLIENT CLIENT DELTA 971369|0,00|8675,93|||20240127||
VE|Ventes|VE00146|20240424|707000|Ventes de marchandises|||VE049989|20240424|FACT CLIENT CLIENT EPSILON 58133|1870,08|0,00|||20240425||
VE|Ventes|VE00146|20240424|413000|Clients - Effets a recevoir|||VE049989|20240424|FACT CLIENT CLIENT EPSILON 58133|0,00|1870,08|||20240425||
VE|Ventes|VE00147|20241206|418100|Clients - Factures a etablir|||VE121057|20241206|FACT CLIENT CLIENT EPSILON 393214|502,11|0,00|||20241207||
VE|Ventes|VE00147|20241206|707000|Ventes de marchandises|||VE121057|20241206|FACT CLIENT CLIENT EPSILON 393214|0,00|502,11|||20241207||
VE|Ventes|VE00148|20240215|709000|Rabais, remises et ristournes accordes|||VE023723|20240215|FACT CLIENT CLIENT GAMMA 253423|1283,70|0,00|||20240215||
VE|Ventes|VE00148|20240215|706000|Prestations de services|||VE023723|20240215|FACT CLIENT CLIENT GAMMA 253423|0,00|1283,70|||20240215||
VE|Ventes|VE00149|20240325|706000|Prestations de services|||VE039567|20240325|FACT CLIENT CLIENT EPSILON 898830|1849,05|0,00|||20240331||
VE|Ventes|VE00149|20240325|418100|Clients - Factures a etablir|||VE039567|20240325|FACT CLIENT CLIENT EPSILON 898830|0,00|1849,05|||20240331||
VE|Ventes|VE00150|20240222|416000|Clients douteux|||VE026293|20240222|FACT CLIENT CLIENT EPSILON 193864|187,91|0,00|||20240225||
VE|Ventes|VE00150|20240222|709000|Rabais, remises et ristournes accordes|||VE026293|20240222|FACT CLIENT CLIENT EPSILON 193864|0,00|187,91|||20240225||
VE|Ventes|VE00151|20240719|701000|Ventes de produits finis|||VE077195|20240719|FACT CLIENT CLIENT BETA 663821|136,82|0,00|||20240721||
VE|Ventes|VE00151|20240719|416000|Clients douteux|||VE077195|20240719|FACT CLIENT CLIENT BETA 663821|0,00|136,82|||20240721||
VE|Ventes|VE00152|20241017|419100|Clients - Avances et acomptes recus|||VE109390|20241017|FACT CLIENT CLIENT BETA 738075|772,68|0,00|||20241021||
VE|Ventes|VE00152|20241017|411000|Clients|C00009|CLIENT IOTA|VE109390|20241017|FACT CLIENT CLIENT BETA 738075|0,00|772,68|||20241021||
VE|Ventes|VE00153|20240819|418100|Clients - Factures a etablir|||VE088453|20240819|FACT CLIENT CLIENT DELTA 515593|673,53|0,00|||20240821||
VE|Ventes|VE00153|20240819|707000|Ventes de marchandises|||VE088453|20240819|FACT CLIENT CLIENT DELTA 515593|0,00|673,53|||20240821||
VE|Ventes|VE00154|20240926|416000|Clients douteux|||VE098712|20240926|FACT CLIENT CLIENT DELTA 638286|526,78|0,00|||20240929||
VE|Ventes|VE00154|20240926|413000|Clients - Effets a recevoir|||VE098712|20240926|FACT CLIENT CLIENT DELTA 638286|0,00|526,78|||20240929||
VE|Ventes|VE00155|20240116|411000|Clients|C00006|CLIENT ZETA|VE016621|20240116|FACT CLIENT CLIENT EPSILON 368493|9267,32|0,00|||20240123||
VE|Ventes|VE00155|20240116|416000|Clients douteux|||VE016621|20240116|FACT CLIENT CLIENT EPSILON 368493|0,00|9267,32|||20240123||
VE|Ventes|VE00156|20240327|709000|Rabais, remises et ristournes accordes|||VE039501|20240327|FACT CLIENT CLIENT ALPHA 50357|965,65|0,00|||20240329||
VE|Ventes|VE00156|20240327|419100|Clients - Avances et acomptes recus|||VE039501|20240327|FACT CLIENT CLIENT ALPHA 50357|0,00|965,65|||20240329||
VE|Ventes|VE00157|20241004|416000|Clients douteux|||VE106983|20241004|FACT CLIENT CLIENT ALPHA 207237|497,99|0,00|||20241010||
VE|Ventes|VE00157|20241004|419100|Clients - Avances et acomptes recus|||VE106983|20241004|FACT CLIENT CLIENT ALPHA 207237|0,00|497,99|||20241010||
VE|Ventes|VE00158|20241209|418100|Clients - Factures a etablir|||VE121785|20241209|FACT CLIENT CLIENT EPSILON 129359|333,20|0,00|||20241209||
VE|Ventes|VE00158|20241209|706000|Prestations de services|||VE121785|20241209|FACT CLIENT CLIENT EPSILON 129359|0,00|333,20|||20241209||
VE|Ventes|VE00159|20241213|411000|Clients|C00002|CLIENT BETA|VE125330|20241213|FACT CLIENT CLIENT EPSILON 445086|7144,41|0,00|||20241217||
VE|Ventes|VE00159|20241213|413000|Clients - Effets a recevoir|||VE125330|20241213|FACT CLIENT CLIENT EPSILON 445086|0,00|7144,41|||20241217||
VE|Ventes|VE00160|20240925|701000|Ventes de produits finis|||VE091304|20240925|FACT CLIENT CLIENT ALPHA 459934|1922,52|0,00|||20240925||
VE|Ventes|VE00160|20240925|709000|Rabais, remises et ristournes accordes|||VE091304|20240925|FACT CLIENT CLIENT ALPHA 459934|0,00|1922,52|||20240925||
VE|Ventes|VE00161|20240628|416000|Clients douteux|||VE067984|20240628|FACT CLIENT CLIENT GAMMA 65308|259,31|0,00|||20240629||
VE|Ventes|VE00161|20240628|709000|Rabais, remises et ristournes accordes|||VE067984|20240628|FACT CLIENT CLIENT GAMMA 65308|0,00|259,31|||20240629||
VE|Ventes|VE00162|20241227|708500|Ports et frais accessoires factures|||VE124456|20241227|FACT CLIENT CLIENT ALPHA 787589|1000,06|0,00|||20241230||
VE|Ventes|VE00162|20241227|419100|Clients - Avances et acomptes recus|||VE124456|20241227|FACT CLIENT CLIENT ALPHA 787589|0,00|1000,06|||20241230||
VE|Ventes|VE00163|20240610|707000|Ventes de marchandises|||VE061221|20240610|FACT CLIENT CLIENT GAMMA 769340|1804,94|0,00|||20240614||
VE|Ventes|VE00163|20240610|411000|Clients|C00001|CLIENT ALPHA|VE061221|20240610|FACT CLIENT CLIENT GAMMA 769340|0,00|1804,94|||20240614||
VE|Ventes|VE00164|20240617|709000|Rabais, remises et ristournes accordes|||VE064917|20240617|FACT CLIENT CLIENT EPSILON 546790|1864,82|0,00|||20240622||
VE|Ventes|VE00164|20240617|411000|Clients|C00010|CLIENT KAPPA|VE064917|20240617|FACT CLIENT CLIENT EPSILON 546790|0,00|1864,82|L7|20241206|20240622||
VE|Ventes|VE00165|20240815|701000|Ventes de produits finis|||VE085467|20240815|FACT CLIENT CLIENT BETA 246860|543,75|0,00|||20240819||
VE|Ventes|VE00165|20240815|413000|Clients - Effets a recevoir|||VE085467|20240815|FACT CLIENT CLIENT BETA 246860|0,00|543,75|||20240819||
VE|Ventes|VE00166|20241011|413000|Clients - Effets a recevoir|||VE104434|20241011|FACT CLIENT CLIENT EPSILON 316576|793,15|0,00|||20241018||
VE|Ventes|VE00166|20241011|411000|Clients|C00002|CLIENT BETA|VE104434|20241011|FACT CLIENT CLIENT EPSILON 316576|0,00|793,15|||20241018||
VE|Ventes|VE00167|20240405|419100|Clients - Avances et acomptes recus|||VE042104|20240405|FACT CLIENT CLIENT BETA 448169|399,54|0,00|||20240408||
VE|Ventes|VE00167|20240405|413000|Clients - Effets a recevoir|||VE042104|20240405|FACT CLIENT CLIENT BETA 448169|0,00|399,54|||20240408||
VE|Ventes|VE00168|20240216|418100|Clients - Factures a etablir|||VE024971|20240216|FACT CLIENT CLIENT GAMMA 722117|289,13|0,00|||20240218||
VE|Ventes|VE00168|20240216|413000|Clients - Effets a recevoir|||VE024971|20240216|FACT CLIENT CLIENT GAMMA 722117|0,00|289,13|||20240218||
VE|Ventes|VE00169|20240809|413000|Clients - Effets a recevoir|||VE085034|20240809|FACT CLIENT CLIENT EPSILON 630871|45,64|0,00|||20240816||
VE|Ventes|VE00169|20240809|418100|Clients - Factures a etablir|||VE085034|20240809|FACT CLIENT CLIENT EPSILON 630871|0,00|45,64|||20240816||
VE|Ventes|VE00170|20240924|413000|Clients - Effets a recevoir|||OD088306|20240924|FACT CLIENT CLIENT BETA 877272|949,60|0,00|||20240924||
VE|Ventes|VE00170|20240924|708500|Ports et frais accessoires factures|||VE096094|20240924|FACT CLIENT CLIENT BETA 877272|0,00|949,60|||20240924||
VE|Ventes|VE00171|20240621|411000|Clients|C00003|CLIENT GAMMA|VE068538|20240621|FACT CLIENT CLIENT ALPHA 469640|2713,04|0,00|||20240621||
VE|Ventes|VE00171|20240621|708500|Ports et frais accessoires factures|||VE068538|20240621|FACT CLIENT CLIENT ALPHA 469640|0,00|2713,04|||20240621||
VE|Ventes|VE00172|20241206|416000|Clients douteux|||VE124165|20241206|FACT CLIENT CLIENT BETA 763915|773,63|0,00|||20241209||
VE|Ventes|VE00172|20241207|709000|Rabais, remises et ristournes accordes|||VE124165|20241206|FACT CLIENT CLIENT BETA 763915|0,00|773,63|||20241209||
VE|Ventes|VE00173|20240816|707000|Ventes de marchandises|||VE086606|20240816|FACT CLIENT CLIENT BETA 353411|1018,94|0,00|||20240821||
VE|Ventes|VE00173|20240816|701000|Ventes de produits finis|||VE086606|20240816|FACT CLIENT CLIENT BETA 353411|0,00|1018,94|||20240821||
VE|Ventes|VE00174|20240408|708500|Ports et frais accessoires factures|||VE043223|20240408|FACT CLIENT CLIENT EPSILON 815401|70,83|0,00|||20240414||
VE|Ventes|VE00174|20240408|701000|Ventes de produits finis|||VE043223|20240408|FACT CLIENT CLIENT EPSILON 815401|0,00|70,83|||20240414||
VE|Ventes|VE00175|20240411|708500|Ports et frais accessoires factures|||VE047791|20240411|FACT CLIENT CLIENT GAMMA 619213|951,13|0,00|||20240415||
VE|Ventes|VE00175|20240411|413000|Clients - Effets a recevoir|||VE047791|20240411|FACT CLIENT CLIENT GAMMA 619213|0,00|951,13|||20240415||
VE|Ventes|VE00176|20240916|707000|Ventes de marchandises|||VE092824|20240916|FACT CLIENT CLIENT GAMMA 871700|163,52|0,00|||20240917||
VE|Ventes|VE00176|20240916|708500|Ports et frais accessoires factures|||VE092824|20240916|FACT CLIENT CLIENT GAMMA 871700|0,00|163,52|||20240917||
VE|Ventes|VE00177|20240202|413000|Clients - Effets a recevoir|||VE026166|20240202|FACT CLIENT CLIENT DELTA 43331|423,73|0,00|||20240203||
VE|Ventes|VE00177|20240202|416000|Clients douteux|||VE026166|20240202|FACT CLIENT CLIENT DELTA 43331|0,00|423,73|||20240203||
VE|Ventes|VE00178|20240606|706000|Prestations de services|||VE065798|20240606|FACT CLIENT CLIENT ALPHA 995997|1292,92|0,00|||20240612||
VE|Ventes|VE00178|20240606|411000|Clients|C00010|CLIENT KAPPA|VE065798|20240606|FACT CLIENT CLIENT ALPHA 995997|0,00|1292,92|||20240612||
VE|Ventes|VE00179|20240628|701000|Ventes de produits finis|||VE061253|20240628|FACT CLIENT CLIENT GAMMA 68824|1571,03|0,00|||20240704||
VE|Ventes|VE00179|20240628|707000|Ventes de marchandises|||VE061253|20240628|FACT CLIENT CLIENT GAMMA 68824|0,00|1571,03|||20240704||
VE|Ventes|VE00180|20240724|418100|Clients - Factures a etablir|||VE072420|20240724|FACT CLIENT CLIENT BETA 941921|338,77|0,00|||20240731||
VE|Ventes|VE00180|20240724|416000|Clients douteux|||VE072420|20240724|FACT CLIENT CLIENT BETA 941921|0,00|338,77|||20240731||
VE|Ventes|VE00181|20241115|706000|Prestations de services|||VE111190|20241115|FACT CLIENT CLIENT DELTA 900910|1618,74|0,00|||20241121||
VE|Ventes|VE00181|20241115|418100|Clients - Factures a etablir|||VE111190|20241115|FACT CLIENT CLIENT DELTA 900910|0,00|1618,74|||20241121||
VE|Ventes|VE00182|20240910|418100|Clients - Factures a etablir|||VE096491|20240910|FACT CLIENT CLIENT EPSILON 782811|654,64|0,00|||20240913||
VE|Ventes|VE00182|20240910|708500|Ports et frais accessoires factures|||VE096491|20240910|FACT CLIENT CLIENT EPSILON 782811|0,00|654,64|||20240913||
VE|Ventes|VE00183|20240216|419100|Clients - Avances et acomptes recus|||VE027169|20240216|FACT CLIENT CLIENT ALPHA 434517|97,33|0,00|||20240219||
VE|Ventes|VE00183|20240216|411000|Clients|C00002|CLIENT BETA|VE027169|20240216|FACT CLIENT CLIENT ALPHA 434517|0,00|97,33|||20240219||
VE|Ventes|VE00184|20240327|707000|Ventes de marchandises|||VE038886|20240327|FACT CLIENT CLIENT BETA 616440|916,82|0,00|||20240331||
VE|Ventes|VE00184|20240327|701000|Ventes de produits finis|||VE038886|20240327|FACT CLIENT CLIENT BETA 616440|0,00|916,82|||20240331||
VE|Ventes|VE00185|20241001|418100|Clients - Factures a etablir|||VE106301|20241001|FACT CLIENT CLIENT EPSILON 696725|482,89|0,00|||20241008||
VE|Ventes|VE00185|20241001|708500|Ports et frais accessoires factures|||VE106301|20241001|FACT CLIENT CLIENT EPSILON 696725|0,00|482,89|||20241008||
VE|Ventes|VE00186|20241213|701000|Ventes de produits finis|||VE124212|20241213|FACT CLIENT CLIENT BETA 562519|878,24|0,00|||20241218||
VE|Ventes|VE00186|20241213|708500|Ports et frais accessoires factures|||VE124212|20241213|FACT CLIENT CLIENT BETA 562519|0,00|878,24|||20241218||
VE|Ventes|VE00187|20240916|706000|Prestations de services|||VE099064|20240916|FACT CLIENT CLIENT BETA 115105|742,60|0,00|||20240919||
VE|Ventes|VE00187|20240916|418100|Clients - Factures a etablir|||VE099064|20240916|FACT CLIENT CLIENT BETA 115105|0,00|742,60|||20240919||
VE|Ventes|VE00188|20241216|701000|Ventes de produits finis|||VE121893|20241216|FACT CLIENT CLIENT ALPHA 893527|703,06|0,00|||20241218||
VE|Ventes|VE00188|20241216|709000|Rabais, remises et ristournes accordes|||VE121893|20241216|FACT CLIENT CLIENT ALPHA 893527|0,00|703,06|||20241218||
VE|Ventes|VE00189|20240717|411000|Clients|C00005|CLIENT EPSILON|VE079247|20240717|FACT CLIENT CLIENT EPSILON 483557|5201,93|0,00|||20240720||
VE|Ventes|VE00189|20240717|708500|Ports et frais accessoires factures|||VE079247|20240717|FACT CLIENT CLIENT EPSILON 483557|0,00|5201,93|||20240720||
VE|Ventes|VE00190|20240524|419100|Clients - Avances et acomptes recus|||VE051436|20240524|FACT CLIENT CLIENT GAMMA 92615|947,66|0,00|||20240526||
VE|Ventes|VE00190|20240524|701000|Ventes de produits finis|||VE051436|20240524|FACT CLIENT CLIENT GAMMA 92615|0,00|947,66|||20240526||
VE|Ventes|VE00191|20240104|419100|Clients - Avances et acomptes recus|||VE019215|20240104|FACT CLIENT CLIENT DELTA 56227|59,41|0,00|||20240109||
VE|Ventes|VE00191|20240104|709000|Rabais, remises et ristournes accordes|||VE019215|20240104|FACT CLIENT CLIENT DELTA 56227|0,00|59,41|||20240109||
VE|Ventes|VE00192|20240805|419100|Clients - Avances et acomptes recus|||VE089225|20240805|FACT CLIENT CLIENT EPSILON 69301|114,93|0,00|||20240805||
VE|Ventes|VE00192|20240805|701000|Ventes de produits finis|||VE089225|20240805|FACT CLIENT CLIENT EPSILON 69301|0,00|114,93|||20240805||
VE|Ventes|VE00193|20240823|411000|Clients|C00004|CLIENT DELTA|VE083588|20240823|FACT CLIENT CLIENT DELTA 728473|1582,31|0,00|||20240830||
VE|Ventes|VE00193|20240823|709000|Rabais, remises et ristournes accordes|||VE083588|20240823|FACT CLIENT CLIENT DELTA 728473|0,00|1582,31|||20240830||
VE|Ventes|VE00194|20240308|706000|Prestations de services|||VE038653|20240308|FACT CLIENT CLIENT ALPHA 727783|649,61|0,00|||20240315||
VE|Ventes|VE00194|20240308|708500|Ports et frais accessoires factures|||VE038653|20240308|FACT CLIENT CLIENT ALPHA 727783|0,00|649,61|||20240315||
VE|Ventes|VE00195|20240110|706000|Prestations de services|||VE012720|20240110|FACT CLIENT CLIENT EPSILON 358740|25,35|0,00|||20240112||
VE|Ventes|VE00195|20240110|708500|Ports et frais accessoires factures|||VE012720|20240110|FACT CLIENT CLIENT EPSILON 358740|0,00|25,35|||20240112||
VE|Ventes|VE00196|20240105|419100|Clients - Avances et acomptes recus|||VE014688|20240105|FACT CLIENT CLIENT BETA 202082|337,91|0,00|||20240111||
VE|Ventes|VE00196|20240105|709000|Rabais, remises et ristournes accordes|||VE014688|20240105|FACT CLIENT CLIENT BETA 202082|0,00|337,91|||20240111||
VE|Ventes|VE00197|20240906|419100|Clients - Avances et acomptes recus|||VE093545|20240906|FACT CLIENT CLIENT EPSILON 201643|118,54|0,00|||20240911||
VE|Ventes|VE00197|20240906|411000|Clients|C00006|CLIENT ZETA|VE093545|20240906|FACT CLIENT CLIENT EPSILON 201643|0,00|118,54|||20240911||
VE|Ventes|VE00198|20240711|411000|Clients|C00005|CLIENT EPSILON|VE073311|20240711|FACT CLIENT CLIENT EPSILON 521457|5863,58|0,00|||20240713||
VE|Ventes|VE00198|20240711|706000|Prestations de services|||VE073311|20240711|FACT CLIENT CLIENT EPSILON 521457|0,00|5863,58|||20240713||
VE|Ventes|VE00199|20240517|709000|Rabais, remises et ristournes accordes|||VE053767|20240517|FACT CLIENT CLIENT EPSILON 393499|96,91|0,00|||20240522||
VE|Ventes|VE00199|20240517|706000|Prestations de services|||VE053767|20240517|FACT CLIENT CLIENT EPSILON 393499|0,00|96,91|||20240522||
VE|Ventes|VE00200|20240822|413000|Clients - Effets a recevoir|||VE086798|20240822|FACT CLIENT CLIENT ALPHA 681371|887,25|0,00|||20240828||
VE|Ventes|VE00200|20240822|701000|Ventes de produits finis|||VE086798|20240822|FACT CLIENT CLIENT ALPHA 681371|0,00|887,25|||20240828||
VE|Ventes|VE00201|20240814|418100|Clients - Factures a etablir|||VE086467|20240814|FACT CLIENT CLIENT GAMMA 520991|244,38|0,00|||20240814||
VE|Ventes|VE00201|20240814|411000|Clients|C00004|CLIENT DELTA|VE086467|20240814|FACT CLIENT CLIENT GAMMA 520991|0,00|244,38|||20240814||
VE|Ventes|VE00202|20241204|418100|Clients - Factures a etablir|||VE129364|20241204|FACT CLIENT CLIENT BETA 244914|843,39|0,00|||20241205||
VE|Ventes|VE00202|20241204|707000|Ventes de marchandises|||VE129364|20241204|FACT CLIENT CLIENT BETA 244914|0,00|843,39|||20241205||
VE|Ventes|VE00203|20240125|707000|Ventes de marchandises|||VE011082|20240125|FACT CLIENT CLIENT BETA 613538|1169,34|0,00|||20240131||
VE|Ventes|VE00203|20240125|701000|Ventes de produits finis|||VE011082|20240125|FACT CLIENT CLIENT BETA 613538|0,00|1169,34|||20240131||
VE|Ventes|VE00204|20241105|413000|Clients - Effets a recevoir|||VE119614|20241105|FACT CLIENT CLIENT ALPHA 116689|920,11|0,00|||20241108||
VE|Ventes|VE00204|20241105|701000|Ventes de produits finis|||VE119614|20241105|FACT CLIENT CLIENT ALPHA 116689|0,00|920,11|||20241108||
VE|Ventes|VE00205|20240506|709000|Rabais, remises et ristournes accordes|||VE051852|20240506|FACT CLIENT CLIENT BETA 861184|1505,83|0,00|||20240512||
VE|Ventes|VE00205|20240506|413000|Clients - Effets a recevoir|||VE051852|20240506|FACT CLIENT CLIENT BETA 861184|0,00|1505,83|||20240512||
VE|Ventes|VE00206|20241217|706000|Prestations de services|||VE129592|20241217|FACT CLIENT CLIENT EPSILON 657390|210,36|0,00|||20241218||
VE|Ventes|VE00206|20241217|709000|Rabais, remises et ristournes accordes|||VE129592|20241217|FACT CLIENT CLIENT EPSILON 657390|0,00|210,36|||20241218||
VE|Ventes|VE00207|20241220|707000|Ventes de marchandises|||VE127889|20241220|FACT CLIENT CLIENT ALPHA 272032|1506,32|0,00|||20241221||
VE|Ventes|VE00207|20241220|708500|Ports et frais accessoires factures|||VE127889|20241220|FACT CLIENT CLIENT ALPHA 272032|0,00|1506,32|||20241221||
VE|Ventes|VE00208|20240610|708500|Ports et frais accessoires factures|||VE066060|20240610|FACT CLIENT CLIENT DELTA 261351|1987,30|0,00|||20240617||
VE|Ventes|VE00208|20240610|701000|Ventes de produits finis|||VE066060|20240610|FACT CLIENT CLIENT DELTA 261351|0,00|1987,30|||20240617||
VE|Ventes|VE00209|20240119|419100|Clients - Avances et acomptes recus|||VE012014|20240119|FACT CLIENT CLIENT GAMMA 145664|769,25|0,00|||20240122||
VE|Ventes|VE00209|20240119|411000|Clients|C00002|CLIENT BETA|VE012014|20240119|FACT CLIENT CLIENT GAMMA 145664|0,00|769,25|D2|20241202|20240122||
VE|Ventes|VE00210|20240228|701000|Ventes de produits finis|||VE022745|20240228|FACT CLIENT CLIENT BETA 65142|1303,50|0,00|||20240229||
VE|Ventes|VE00210|20240228|706000|Prestations de services|||VE022745|20240228|FACT CLIENT CLIENT BETA 65142|0,00|1303,50|||20240229||
VE|Ventes|VE00211|20240223|706000|Prestations de services|||VE027981|20240223|FACT CLIENT CLIENT ALPHA 521179|1133,11|0,00|||20240227||
VE|Ventes|VE00211|20240223|418100|Clients - Factures a etablir|||VE027981|20240223|FACT CLIENT CLIENT ALPHA 521179|0,00|1133,11|||20240227||
VE|Ventes|VE00212|20240703|701000|Ventes de produits finis|||VE073840|20240703|FACT CLIENT CLIENT GAMMA 985006|1721,32|0,00|||20240705||
VE|Ventes|VE00212|20240703|418100|Clients - Factures a etablir|||VE073840|20240703|FACT CLIENT CLIENT GAMMA 985006|0,00|1721,32|||20240705||
VE|Ventes|VE00213|20240205|418100|Clients - Factures a etablir|||VE026397|20240205|FACT CLIENT CLIENT DELTA 534939|405,56|0,00|||20240208||
VE|Ventes|VE00213|20240205|413000|Clients - Effets a recevoir|||VE026397|20240205|FACT CLIENT CLIENT DELTA 534939|0,00|405,56|||20240208||
VE|Ventes|VE00214|20240719|416000|Clients douteux|||VE074998|20240719|FACT CLIENT CLIENT BETA 331015|375,52|0,00|||20240725||
VE|Ventes|VE00214|20240719|411000|Clients|C00001|CLIENT ALPHA|VE074998|20240719|FACT CLIENT CLIENT BETA 331015|0,00|375,52|||20240725||
VE|Ventes|VE00215|20241227|707000|Ventes de marchandises|||VE121625|20241227|FACT CLIENT CLIENT DELTA 80865|555,57|0,00|||20241228||
VE|Ventes|VE00215|20241227|701000|Ventes de produits finis|||VE121625|20241227|FACT CLIENT CLIENT DELTA 80865|0,00|555,57|||20241228||
VE|Ventes|VE00216|20240229|413000|Clients - Effets a recevoir|||VE024644|20240229|FACT CLIENT CLIENT DELTA 821523|59,20|0,00|||20240305||
VE|Ventes|VE00216|20240229|418100|Clients - Factures a etablir|||VE024644|20240229|FACT CLIENT CLIENT DELTA 821523|0,00|59,20|||20240305||
VE|Ventes|VE00217|20240419|411000|Clients|C00001|CLIENT ALPHA|VE043415|20240419|FACT CLIENT CLIENT ALPHA 921552|2332,36|0,00|||20240419||
VE|Ventes|VE00217|20240420|709000|Rabais, remises et ristournes accordes|||VE043415|20240419|FACT CLIENT CLIENT ALPHA 921552|0,00|2332,36|||20240419||
VE|Ventes|VE00218|20240605|709000|Rabais, remises et ristournes accordes|||VE062877|20240605|FACT CLIENT CLIENT DELTA 396207|1749,79|0,00|||20240607||
VE|Ventes|VE00218|20240605|416000|Clients douteux|||VE062877|20240605|FACT CLIENT CLIENT DELTA 396207|0,00|1749,79|||20240607||
VE|Ventes|VE00219|20240426|706000|Prestations de services|||VE046820|20240426|FACT CLIENT CLIENT BETA 895747|1444,75|0,00|||20240427||
VE|Ventes|VE00219|20240426|708500|Ports et frais accessoires factures|||VE046820|20240426|FACT CLIENT CLIENT BETA 895747|0,00|1444,75|||20240427||
VE|Ventes|VE00220|20240103|416000|Clients douteux|||VE019632|20240103|FACT CLIENT CLIENT BETA 673869|620,15|0,00|||20240110||
VE|Ventes|VE00220|20240103|701000|Ventes de produits finis|||VE019632|20240103|FACT CLIENT CLIENT BETA 673869|0,00|620,15|||20240110||
VE|Ventes|VE00221|20240213|413000|Clients - Effets a recevoir|||VE022133|20240213|FACT CLIENT CLIENT GAMMA 836447|745,10|0,00|||20240218||
VE|Ventes|VE00221|20240213|709000|Rabais, remises et ristournes accordes|||VE022133|20240213|FACT CLIENT CLIENT GAMMA 836447|0,00|745,10|||20240218||
VE|Ventes|VE00222|20240510|707000|Ventes de marchandises|||VE052226|20240510|FACT CLIENT CLIENT GAMMA 358184|1713,91|0,00|||20240511||
VE|Ventes|VE00222|20240510|416000|Clients douteux|||VE052226|20240510|FACT CLIENT CLIENT GAMMA 358184|0,00|1713,91|||20240511||
VE|Ventes|VE00223|20240126|708500|Ports et frais accessoires factures|||VE019351|20240126|FACT CLIENT CLIENT GAMMA 437988|944,90|0,00|||20240126||
VE|Ventes|VE00223|20240126|701000|Ventes de produits finis|||VE019351|20240126|FACT CLIENT CLIENT GAMMA 437988|0,00|944,90|||20240126||
VE|Ventes|VE00224|20240830|708500|Ports et frais accessoires factures|||VE084406|20240830|FACT CLIENT CLIENT ALPHA 252247|960,94|0,00|||20240905||
VE|Ventes|VE00224|20240830|701000|Ventes de produits finis|||VE084406|20240830|FACT CLIENT CLIENT ALPHA 252247|0,00|960,94|||20240905||
VE|Ventes|VE00225|20240523|416000|Clients douteux|||VE054534|20240523|FACT CLIENT CLIENT DELTA 941460|375,45|0,00|||20240529||
VE|Ventes|VE00225|20240523|709000|Rabais, remises et ristournes accordes|||VE054534|20240523|FACT CLIENT CLIENT DELTA 941460|0,00|375,45|||20240529||
VE|Ventes|VE00226|20240513|709000|Rabais, remises et ristournes accordes|||VE057575|20240513|FACT CLIENT CLIENT GAMMA 514325|89,85|0,00|||20240518||
VE|Ventes|VE00226|20240513|701000|Ventes de produits finis|||VE057575|20240513|FACT CLIENT CLIENT GAMMA 514325|0,00|89,85|||20240518||
VE|Ventes|VE00227|20240710|707000|Ventes de marchandises|||VE079717|20240710|FACT CLIENT CLIENT ALPHA 21723|1097,45|0,00|||20240711||
VE|Ventes|VE00227|20240710|419100|Clients - Avances et acomptes recus|||VE079717|20240710|FACT CLIENT CLIENT ALPHA 21723|0,00|1097,45|||20240711||
VE|Ventes|VE00228|20240517|701000|Ventes de produits finis|||VE059446|20240517|FACT CLIENT CLIENT BETA 24635|1298,44|0,00|||20240517||
VE|Ventes|VE00228|20240517|418100|Clients - Factures a etablir|||VE059446|20240517|FACT CLIENT CLIENT BETA 24635|0,00|1298,44|||20240517||
VE|Ventes|VE00229|20240405|418100|Clients - Factures a etablir|||VE042415|20240405|FACT CLIENT CLIENT GAMMA 64371|622,12|0,00|||20240408||
VE|Ventes|VE00229|20240405|708500|Ports et frais accessoires factures|||VE042415|20240405|FACT CLIENT CLIENT GAMMA 64371|0,00|622,12|||20240408||
